ts,close,volume,bid_price,bid_volume,ask_price,ask_volume,tick_type,code,date
2025-06-19 09:00:13.762440,48.5,202,48.5,36,48.7,5,1,2316,2025-06-19
2025-06-19 09:00:13.800311,48.5,32,48.5,4,48.7,5,2,2316,2025-06-19
2025-06-19 09:00:13.804155,48.5,1,48.5,3,48.7,5,2,2316,2025-06-19
2025-06-19 09:00:13.818517,48.5,3,48.3,2,48.4,6,2,2316,2025-06-19
2025-06-19 09:00:13.818517,48.4,2,48.3,2,48.4,6,2,2316,2025-06-19
2025-06-19 09:00:13.858983,48.4,2,48.3,2,48.4,5,1,2316,2025-06-19
2025-06-19 09:00:13.859164,48.3,2,48.3,1,48.4,5,2,2316,2025-06-19
2025-06-19 09:00:13.871418,48.3,1,48.0,12,48.4,5,2,2316,2025-06-19
2025-06-19 09:00:13.887982,48.4,1,48.0,12,48.4,4,1,2316,2025-06-19
2025-06-19 09:00:13.888833,48.4,1,48.0,12,48.4,3,1,2316,2025-06-19
2025-06-19 09:00:16.080096,48.25,1,48.25,2,48.5,3,2,2316,2025-06-19
2025-06-19 09:00:16.108729,48.25,2,48.0,12,48.5,3,2,2316,2025-06-19
2025-06-19 09:00:16.499927,48.4,1,48.05,1,48.4,2,1,2316,2025-06-19
2025-06-19 09:00:18.532517,48.35,1,48.1,2,48.35,1,1,2316,2025-06-19
2025-06-19 09:00:19.392199,48.35,1,48.1,1,48.35,1,1,2316,2025-06-19
2025-06-19 09:00:23.841700,48.35,1,48.25,1,48.4,3,1,2316,2025-06-19
2025-06-19 09:00:23.841700,48.4,2,48.25,1,48.4,3,1,2316,2025-06-19
2025-06-19 09:00:24.731541,48.35,1,48.25,1,48.4,3,2,2316,2025-06-19
2025-06-19 09:00:27.486478,48.25,1,48.15,1,48.35,3,2,2316,2025-06-19
2025-06-19 09:00:27.569275,48.3,1,48.1,2,48.35,5,1,2316,2025-06-19
2025-06-19 09:00:28.418557,48.3,2,48.1,2,48.4,2,1,2316,2025-06-19
2025-06-19 09:00:28.418557,48.35,3,48.1,2,48.4,2,1,2316,2025-06-19
2025-06-19 09:00:30.425235,48.1,1,48.0,10,48.25,4,2,2316,2025-06-19
2025-06-19 09:00:30.425235,48.0,3,48.0,10,48.25,4,2,2316,2025-06-19
2025-06-19 09:00:30.756956,48.15,1,48.0,10,48.2,4,2,2316,2025-06-19
2025-06-19 09:00:31.587677,48.0,1,48.0,9,48.15,4,2,2316,2025-06-19
2025-06-19 09:00:32.372877,48.15,1,48.0,9,48.25,1,2,2316,2025-06-19
2025-06-19 09:00:33.572807,48.0,9,47.9,1,48.15,1,2,2316,2025-06-19
2025-06-19 09:00:33.907182,48.1,2,47.9,1,48.15,2,1,2316,2025-06-19
2025-06-19 09:00:34.635538,48.0,1,47.9,1,48.1,2,2,2316,2025-06-19
2025-06-19 09:00:34.701939,48.0,1,47.9,1,48.1,2,2,2316,2025-06-19
2025-06-19 09:00:35.894511,48.05,3,48.05,2,48.15,1,2,2316,2025-06-19
2025-06-19 09:00:35.923453,48.05,2,47.9,1,48.15,1,2,2316,2025-06-19
2025-06-19 09:00:38.567831,48.0,1,48.0,1,48.15,4,2,2316,2025-06-19
2025-06-19 09:00:38.614398,48.0,1,47.9,1,48.1,2,2,2316,2025-06-19
2025-06-19 09:00:39.677829,47.9,1,47.7,31,48.0,3,2,2316,2025-06-19
2025-06-19 09:00:39.677829,47.8,3,47.7,31,48.0,3,2,2316,2025-06-19
2025-06-19 09:00:39.677829,47.75,1,47.7,31,48.0,3,2,2316,2025-06-19
2025-06-19 09:00:39.790466,47.75,1,47.7,29,47.95,2,2,2316,2025-06-19
2025-06-19 09:00:39.790466,47.7,2,47.7,29,47.95,2,2,2316,2025-06-19
2025-06-19 09:00:42.414635,47.95,1,47.75,6,47.95,1,1,2316,2025-06-19
2025-06-19 09:00:44.390462,47.9,1,47.75,6,48.0,3,1,2316,2025-06-19
2025-06-19 09:00:45.052931,48.0,3,47.8,2,48.05,2,1,2316,2025-06-19
2025-06-19 09:00:46.821846,48.15,3,48.2,1,48.25,1,1,2316,2025-06-19
2025-06-19 09:00:46.821846,48.2,9,48.2,1,48.25,1,1,2316,2025-06-19
2025-06-19 09:00:46.848243,48.25,1,48.2,1,48.35,3,1,2316,2025-06-19
2025-06-19 09:00:47.242315,48.35,1,48.2,1,48.35,2,1,2316,2025-06-19
2025-06-19 09:00:49.434282,48.2,1,47.75,5,48.35,5,2,2316,2025-06-19
2025-06-19 09:00:49.434282,48.0,2,47.75,5,48.35,5,2,2316,2025-06-19
2025-06-19 09:00:49.434282,47.95,7,47.75,5,48.35,5,2,2316,2025-06-19
2025-06-19 09:00:49.434282,47.9,1,47.75,5,48.35,5,2,2316,2025-06-19
2025-06-19 09:00:49.434282,47.85,2,47.75,5,48.35,5,2,2316,2025-06-19
2025-06-19 09:00:49.434282,47.8,2,47.75,5,48.35,5,2,2316,2025-06-19
2025-06-19 09:00:50.012121,48.2,1,48.0,1,48.3,8,2,2316,2025-06-19
2025-06-19 09:00:50.494351,48.0,1,47.75,6,48.2,2,2,2316,2025-06-19
2025-06-19 09:00:53.560095,48.1,1,48.0,2,48.1,1,1,2316,2025-06-19
2025-06-19 09:00:54.634718,48.1,1,48.0,2,48.2,3,1,2316,2025-06-19
2025-06-19 09:00:55.884809,48.0,1,48.0,2,48.2,4,2,2316,2025-06-19
2025-06-19 09:00:55.994496,48.05,1,48.1,9,48.2,4,1,2316,2025-06-19
2025-06-19 09:00:56.609750,48.1,1,48.1,8,48.25,7,2,2316,2025-06-19
2025-06-19 09:00:56.638011,48.1,2,48.1,7,48.25,7,2,2316,2025-06-19
2025-06-19 09:00:58.121781,48.1,2,48.1,5,48.2,2,2,2316,2025-06-19
2025-06-19 09:00:58.169978,48.1,2,48.1,3,48.2,2,2,2316,2025-06-19
2025-06-19 09:00:59.067414,48.25,1,48.1,4,48.25,4,1,2316,2025-06-19
2025-06-19 09:00:59.358061,48.2,4,48.2,16,48.25,4,2,2316,2025-06-19
2025-06-19 09:00:59.787545,48.2,2,48.2,10,48.25,4,2,2316,2025-06-19
2025-06-19 09:00:59.841743,48.2,2,48.2,10,48.25,7,2,2316,2025-06-19
2025-06-19 09:00:59.876585,48.2,1,48.2,7,48.25,7,2,2316,2025-06-19
2025-06-19 09:00:59.924440,48.2,2,48.2,7,48.25,7,2,2316,2025-06-19
2025-06-19 09:01:03.119435,48.2,5,48.2,1,48.25,8,2,2316,2025-06-19
2025-06-19 09:01:03.152216,48.2,1,48.1,4,48.25,8,2,2316,2025-06-19
2025-06-19 09:01:03.547472,48.1,4,48.05,1,48.15,14,2,2316,2025-06-19
2025-06-19 09:01:03.589735,48.05,1,48.0,11,48.15,14,2,2316,2025-06-19
2025-06-19 09:01:03.738984,48.1,3,48.0,11,48.1,1,1,2316,2025-06-19
2025-06-19 09:01:05.747077,48.0,11,48.0,11,48.1,3,2,2316,2025-06-19
2025-06-19 09:01:06.171723,48.05,1,48.0,1,48.05,1,1,2316,2025-06-19
2025-06-19 09:01:06.432797,48.05,1,48.0,1,48.1,4,1,2316,2025-06-19
2025-06-19 09:01:07.162953,48.1,1,48.0,1,48.1,2,1,2316,2025-06-19
2025-06-19 09:01:07.263349,48.1,1,48.0,1,48.1,1,1,2316,2025-06-19
2025-06-19 09:01:08.678889,48.15,8,48.0,1,48.15,6,1,2316,2025-06-19
2025-06-19 09:01:08.703768,48.15,4,48.05,1,48.15,2,1,2316,2025-06-19
2025-06-19 09:01:09.138369,48.15,1,48.05,1,48.15,1,1,2316,2025-06-19
2025-06-19 09:01:11.889141,48.1,1,48.1,2,48.15,5,2,2316,2025-06-19
2025-06-19 09:01:12.722858,48.1,1,48.1,1,48.15,6,2,2316,2025-06-19
2025-06-19 09:01:13.938558,48.1,1,48.1,2,48.15,6,2,2316,2025-06-19
2025-06-19 09:01:14.494619,48.1,1,48.1,1,48.15,6,2,2316,2025-06-19
2025-06-19 09:01:14.538829,48.1,1,48.0,5,48.15,6,2,2316,2025-06-19
2025-06-19 09:01:15.637356,48.05,2,48.0,5,48.1,8,2,2316,2025-06-19
2025-06-19 09:01:17.186593,48.0,1,48.0,4,48.1,10,2,2316,2025-06-19
2025-06-19 09:01:17.379649,48.1,3,48.0,5,48.1,7,1,2316,2025-06-19
2025-06-19 09:01:20.111803,48.05,1,48.0,5,48.15,4,1,2316,2025-06-19
2025-06-19 09:01:20.111803,48.1,7,48.0,5,48.15,4,1,2316,2025-06-19
2025-06-19 09:01:20.111803,48.15,2,48.0,5,48.15,4,1,2316,2025-06-19
2025-06-19 09:01:21.095470,48.1,1,48.1,1,48.15,4,2,2316,2025-06-19
2025-06-19 09:01:21.227683,48.1,1,48.0,4,48.15,4,2,2316,2025-06-19
2025-06-19 09:01:21.227683,48.0,1,48.0,4,48.15,4,2,2316,2025-06-19
2025-06-19 09:01:22.920418,48.15,4,48.05,1,48.25,4,1,2316,2025-06-19
2025-06-19 09:01:22.920418,48.2,3,48.05,1,48.25,4,1,2316,2025-06-19
2025-06-19 09:01:22.920418,48.25,3,48.05,1,48.25,4,1,2316,2025-06-19
2025-06-19 09:01:24.092841,48.25,4,48.05,1,48.35,4,1,2316,2025-06-19
2025-06-19 09:01:24.092841,48.35,8,48.05,1,48.35,4,1,2316,2025-06-19
2025-06-19 09:01:28.007630,48.25,1,48.0,5,48.25,1,1,2316,2025-06-19
2025-06-19 09:01:28.653554,48.25,1,48.0,5,48.3,5,1,2316,2025-06-19
2025-06-19 09:01:30.443179,48.1,1,48.05,4,48.3,5,2,2316,2025-06-19
2025-06-19 09:01:31.059200,48.2,1,48.0,9,48.3,5,2,2316,2025-06-19
2025-06-19 09:01:31.059200,48.05,2,48.0,9,48.3,5,2,2316,2025-06-19
2025-06-19 09:01:31.760577,48.3,5,48.05,1,48.4,3,1,2316,2025-06-19
2025-06-19 09:01:31.760577,48.35,4,48.05,1,48.4,3,1,2316,2025-06-19
2025-06-19 09:01:31.760577,48.4,2,48.05,1,48.4,3,1,2316,2025-06-19
2025-06-19 09:01:32.600144,48.3,2,48.05,2,48.3,1,1,2316,2025-06-19
2025-06-19 09:01:35.105982,48.3,1,48.25,2,48.4,2,1,2316,2025-06-19
2025-06-19 09:01:36.820031,48.4,2,48.25,2,48.55,3,1,2316,2025-06-19
2025-06-19 09:01:36.820031,48.45,3,48.25,2,48.55,3,1,2316,2025-06-19
2025-06-19 09:01:36.820031,48.5,4,48.25,2,48.55,3,1,2316,2025-06-19
2025-06-19 09:01:36.820031,48.55,1,48.25,2,48.55,3,1,2316,2025-06-19
2025-06-19 09:01:37.001818,48.5,1,48.25,2,48.5,1,1,2316,2025-06-19
2025-06-19 09:01:38.229432,48.3,5,48.25,3,48.55,3,2,2316,2025-06-19
2025-06-19 09:01:38.283440,48.4,1,48.25,2,48.5,4,1,2316,2025-06-19
2025-06-19 09:01:42.111610,48.4,1,48.3,4,48.45,4,2,2316,2025-06-19
2025-06-19 09:01:43.098833,48.3,2,48.3,4,48.35,4,2,2316,2025-06-19
2025-06-19 09:01:43.494790,48.3,2,48.25,2,48.3,1,2,2316,2025-06-19
2025-06-19 09:01:44.757161,48.3,2,48.25,2,48.4,3,1,2316,2025-06-19
2025-06-19 09:01:44.757161,48.35,3,48.25,2,48.4,3,1,2316,2025-06-19
2025-06-19 09:01:44.786912,48.25,1,48.25,1,48.4,3,2,2316,2025-06-19
2025-06-19 09:01:44.850533,48.4,1,48.25,1,48.4,2,1,2316,2025-06-19
2025-06-19 09:01:45.227772,48.4,2,48.25,1,48.5,2,1,2316,2025-06-19
2025-06-19 09:01:45.227772,48.45,5,48.25,1,48.5,2,1,2316,2025-06-19
2025-06-19 09:01:45.227772,48.5,13,48.25,1,48.5,2,1,2316,2025-06-19
2025-06-19 09:01:46.099438,48.25,2,48.15,3,48.5,5,2,2316,2025-06-19
2025-06-19 09:01:46.099438,48.15,3,48.15,3,48.5,5,2,2316,2025-06-19
2025-06-19 09:01:46.301895,48.45,1,48.2,1,48.45,1,1,2316,2025-06-19
2025-06-19 09:01:46.563747,48.45,1,48.25,1,48.55,2,1,2316,2025-06-19
2025-06-19 09:01:46.563747,48.5,6,48.25,1,48.55,2,1,2316,2025-06-19
2025-06-19 09:01:48.485040,48.35,1,48.35,1,48.45,3,2,2316,2025-06-19
2025-06-19 09:01:48.818007,48.45,3,48.25,3,48.5,4,1,2316,2025-06-19
2025-06-19 09:01:50.003483,48.25,3,48.2,3,48.4,3,2,2316,2025-06-19
2025-06-19 09:01:50.003483,48.2,2,48.2,3,48.4,3,2,2316,2025-06-19
2025-06-19 09:01:50.533983,48.35,1,48.2,3,48.35,1,1,2316,2025-06-19
2025-06-19 09:01:51.252096,48.35,3,48.6,20,48.75,6,1,2316,2025-06-19
2025-06-19 09:01:51.252096,48.4,3,48.6,20,48.75,6,1,2316,2025-06-19
2025-06-19 09:01:51.252096,48.45,3,48.6,20,48.75,6,1,2316,2025-06-19
2025-06-19 09:01:51.252096,48.5,12,48.6,20,48.75,6,1,2316,2025-06-19
2025-06-19 09:01:51.252096,48.55,4,48.6,20,48.75,6,1,2316,2025-06-19
2025-06-19 09:01:51.252096,48.6,5,48.6,20,48.75,6,1,2316,2025-06-19
2025-06-19 09:01:51.288318,48.6,20,48.25,2,48.75,6,2,2316,2025-06-19
2025-06-19 09:01:52.626004,48.5,1,48.4,1,48.5,1,1,2316,2025-06-19
2025-06-19 09:01:52.869176,48.5,1,48.7,40,48.75,7,1,2316,2025-06-19
2025-06-19 09:01:52.869176,48.6,3,48.7,40,48.75,7,1,2316,2025-06-19
2025-06-19 09:01:52.869176,48.65,4,48.7,40,48.75,7,1,2316,2025-06-19
2025-06-19 09:01:52.869176,48.7,2,48.7,40,48.75,7,1,2316,2025-06-19
2025-06-19 09:01:52.896299,48.7,1,48.7,39,48.75,7,2,2316,2025-06-19
2025-06-19 09:01:52.907797,48.75,1,48.7,39,48.75,6,1,2316,2025-06-19
2025-06-19 09:01:52.933148,48.75,4,48.7,39,48.75,2,1,2316,2025-06-19
2025-06-19 09:01:52.944860,48.75,1,48.7,39,48.75,1,1,2316,2025-06-19
2025-06-19 09:01:52.976610,48.7,1,48.7,38,48.75,1,2,2316,2025-06-19
2025-06-19 09:01:53.741826,48.75,1,48.7,38,48.85,2,1,2316,2025-06-19
2025-06-19 09:01:55.277092,48.7,1,48.7,37,48.85,3,2,2316,2025-06-19
2025-06-19 09:01:55.917294,48.7,1,48.7,36,48.85,3,2,2316,2025-06-19
2025-06-19 09:01:56.530338,48.8,3,48.45,2,48.85,2,1,2316,2025-06-19
2025-06-19 09:01:56.530338,48.85,2,48.45,2,48.85,2,1,2316,2025-06-19
2025-06-19 09:01:59.463263,48.7,1,48.5,5,48.85,2,2,2316,2025-06-19
2025-06-19 09:02:00.302998,48.8,10,49.05,18,49.1,3,1,2316,2025-06-19
2025-06-19 09:02:00.302998,48.85,1,49.05,18,49.1,3,1,2316,2025-06-19
2025-06-19 09:02:00.302998,49.0,20,49.05,18,49.1,3,1,2316,2025-06-19
2025-06-19 09:02:00.302998,49.05,1,49.05,18,49.1,3,1,2316,2025-06-19
2025-06-19 09:02:00.322818,49.05,1,49.05,17,49.1,3,2,2316,2025-06-19
2025-06-19 09:02:00.336248,49.05,8,49.05,9,49.1,3,2,2316,2025-06-19
2025-06-19 09:02:00.357275,49.05,6,49.05,3,49.1,3,2,2316,2025-06-19
2025-06-19 09:02:00.366600,49.05,2,49.05,1,49.1,3,2,2316,2025-06-19
2025-06-19 09:02:00.378870,49.05,1,48.7,5,49.1,3,2,2316,2025-06-19
2025-06-19 09:02:00.463984,49.05,2,48.75,1,49.1,2,1,2316,2025-06-19
2025-06-19 09:02:00.463984,49.1,1,48.75,1,49.1,2,1,2316,2025-06-19
2025-06-19 09:02:00.490654,48.8,1,48.75,1,49.1,2,1,2316,2025-06-19
2025-06-19 09:02:02.475399,49.1,1,48.9,2,49.1,1,1,2316,2025-06-19
2025-06-19 09:02:03.645730,49.1,1,49.0,2,49.15,1,1,2316,2025-06-19
2025-06-19 09:02:04.392217,49.15,1,49.1,1,49.2,4,1,2316,2025-06-19
2025-06-19 09:02:04.498454,49.15,1,49.15,1,49.2,4,2,2316,2025-06-19
2025-06-19 09:02:04.648765,49.05,1,49.0,2,49.2,4,2,2316,2025-06-19
2025-06-19 09:02:04.648765,49.0,1,49.0,2,49.2,4,2,2316,2025-06-19
2025-06-19 09:02:05.632165,49.2,4,49.0,2,49.25,1,1,2316,2025-06-19
2025-06-19 09:02:05.632165,49.25,1,49.0,2,49.25,1,1,2316,2025-06-19
2025-06-19 09:02:06.454871,49.25,1,49.05,2,49.25,1,1,2316,2025-06-19
2025-06-19 09:02:06.767631,49.3,6,49.05,2,49.8,51,1,2316,2025-06-19
2025-06-19 09:02:06.767631,49.35,3,49.05,2,49.8,51,1,2316,2025-06-19
2025-06-19 09:02:06.767631,49.5,7,49.05,2,49.8,51,1,2316,2025-06-19
2025-06-19 09:02:06.767631,49.6,4,49.05,2,49.8,51,1,2316,2025-06-19
2025-06-19 09:02:06.767631,49.7,2,49.05,2,49.8,51,1,2316,2025-06-19
2025-06-19 09:02:06.767631,49.8,3,49.05,2,49.8,51,1,2316,2025-06-19
2025-06-19 09:02:06.847839,49.1,1,49.1,3,49.4,2,2,2316,2025-06-19
2025-06-19 09:02:07.198757,49.4,2,49.1,2,49.8,52,1,2316,2025-06-19
2025-06-19 09:02:07.198757,49.45,2,49.1,2,49.8,52,1,2316,2025-06-19
2025-06-19 09:02:07.198757,49.75,1,49.1,2,49.8,52,1,2316,2025-06-19
2025-06-19 09:02:07.255541,49.15,1,49.1,4,49.75,2,2,2316,2025-06-19
2025-06-19 09:02:07.405891,49.75,4,49.15,2,49.8,51,1,2316,2025-06-19
2025-06-19 09:02:07.405891,49.8,1,49.15,2,49.8,51,1,2316,2025-06-19
2025-06-19 09:02:07.670334,49.5,1,49.15,3,49.55,5,1,2316,2025-06-19
2025-06-19 09:02:08.957131,49.45,3,49.25,3,49.55,3,1,2316,2025-06-19
2025-06-19 09:02:08.957131,49.55,2,49.25,3,49.55,3,1,2316,2025-06-19
2025-06-19 09:02:09.443707,49.5,2,49.25,3,49.8,49,1,2316,2025-06-19
2025-06-19 09:02:09.443707,49.55,3,49.25,3,49.8,49,1,2316,2025-06-19
2025-06-19 09:02:09.443707,49.75,3,49.25,3,49.8,49,1,2316,2025-06-19
2025-06-19 09:02:09.443707,49.8,2,49.25,3,49.8,49,1,2316,2025-06-19
2025-06-19 09:02:10.107987,49.6,1,49.4,2,49.6,1,1,2316,2025-06-19
2025-06-19 09:02:10.107987,49.7,1,49.4,2,49.6,1,1,2316,2025-06-19
2025-06-19 09:02:10.107987,49.75,1,49.4,2,49.6,1,1,2316,2025-06-19
2025-06-19 09:02:10.107987,49.8,2,49.4,2,49.6,1,1,2316,2025-06-19
2025-06-19 09:02:11.899799,49.4,2,49.4,1,49.65,2,2,2316,2025-06-19
2025-06-19 09:02:11.975578,49.65,2,49.4,1,49.75,3,1,2316,2025-06-19
2025-06-19 09:02:11.975578,49.7,2,49.4,1,49.75,3,1,2316,2025-06-19
2025-06-19 09:02:11.975578,49.75,1,49.4,1,49.75,3,1,2316,2025-06-19
2025-06-19 09:02:12.011198,49.65,1,49.45,1,49.75,2,1,2316,2025-06-19
2025-06-19 09:02:12.144445,49.45,1,49.45,2,49.75,2,2,2316,2025-06-19
2025-06-19 09:02:12.234525,49.65,1,49.45,2,49.65,1,1,2316,2025-06-19
2025-06-19 09:02:12.989325,49.45,2,49.45,10,49.65,2,2,2316,2025-06-19
2025-06-19 09:02:14.283697,49.45,1,49.45,8,49.65,3,2,2316,2025-06-19
2025-06-19 09:02:15.084761,49.65,1,49.45,8,49.65,2,1,2316,2025-06-19
2025-06-19 09:02:15.261789,49.65,1,49.45,8,49.65,2,1,2316,2025-06-19
2025-06-19 09:02:15.310578,49.45,8,49.4,7,49.6,1,2,2316,2025-06-19
2025-06-19 09:02:15.634365,49.5,1,49.4,5,49.55,2,2,2316,2025-06-19
2025-06-19 09:02:16.549684,49.4,1,49.4,4,49.5,2,2,2316,2025-06-19
2025-06-19 09:02:16.919682,49.45,1,49.4,4,49.5,3,2,2316,2025-06-19
2025-06-19 09:02:17.461100,49.5,1,49.4,4,49.5,2,1,2316,2025-06-19
2025-06-19 09:02:17.869080,49.5,1,49.4,4,49.5,1,1,2316,2025-06-19
2025-06-19 09:02:18.139647,49.5,1,49.45,1,49.55,1,2,2316,2025-06-19
2025-06-19 09:02:18.306290,49.45,1,49.4,4,49.55,1,2,2316,2025-06-19
2025-06-19 09:02:18.948551,49.45,1,49.4,4,49.6,1,1,2316,2025-06-19
2025-06-19 09:02:18.948551,49.5,2,49.4,4,49.6,1,1,2316,2025-06-19
2025-06-19 09:02:18.948551,49.55,1,49.4,4,49.6,1,1,2316,2025-06-19
2025-06-19 09:02:18.948551,49.6,1,49.4,4,49.6,1,1,2316,2025-06-19
2025-06-19 09:02:19.351265,49.5,1,49.5,1,49.6,1,2,2316,2025-06-19
2025-06-19 09:02:19.719140,49.45,1,49.4,4,49.45,4,2,2316,2025-06-19
2025-06-19 09:02:19.820612,49.45,2,49.4,4,49.45,2,1,2316,2025-06-19
2025-06-19 09:02:20.091298,49.4,4,49.25,5,49.45,2,2,2316,2025-06-19
2025-06-19 09:02:20.091298,49.3,1,49.25,5,49.45,2,2,2316,2025-06-19
2025-06-19 09:02:20.123128,49.45,1,49.25,5,49.45,1,1,2316,2025-06-19
2025-06-19 09:02:20.166796,49.4,1,49.3,1,49.45,2,1,2316,2025-06-19
2025-06-19 09:02:20.890203,49.45,2,49.4,2,49.6,1,1,2316,2025-06-19
2025-06-19 09:02:21.802319,49.5,1,49.4,3,49.6,1,2,2316,2025-06-19
2025-06-19 09:02:23.854559,49.55,1,49.55,1,49.6,1,1,2316,2025-06-19
2025-06-19 09:02:23.868047,49.6,1,49.55,1,49.65,6,1,2316,2025-06-19
2025-06-19 09:02:23.868047,49.65,1,49.55,1,49.65,6,1,2316,2025-06-19
2025-06-19 09:02:23.888002,49.55,1,49.45,3,49.65,6,2,2316,2025-06-19
2025-06-19 09:02:25.220539,49.5,1,49.5,16,49.6,3,2,2316,2025-06-19
2025-06-19 09:02:25.383764,49.5,1,49.5,15,49.6,3,2,2316,2025-06-19
2025-06-19 09:02:25.457248,49.6,3,49.5,15,49.65,4,1,2316,2025-06-19
2025-06-19 09:02:25.457248,49.65,2,49.5,15,49.65,4,1,2316,2025-06-19
2025-06-19 09:02:27.463232,49.55,3,49.55,1,49.65,5,2,2316,2025-06-19
2025-06-19 09:02:27.731306,49.55,1,49.5,18,49.65,5,2,2316,2025-06-19
2025-06-19 09:02:28.386689,49.65,1,49.5,18,49.65,4,1,2316,2025-06-19
2025-06-19 09:02:29.444319,49.55,2,49.5,17,49.6,4,2,2316,2025-06-19
2025-06-19 09:02:29.444319,49.5,1,49.5,17,49.6,4,2,2316,2025-06-19
2025-06-19 09:02:29.535007,49.6,2,49.5,17,49.6,2,1,2316,2025-06-19
2025-06-19 09:02:29.564797,49.6,2,49.5,17,49.8,45,1,2316,2025-06-19
2025-06-19 09:02:29.564797,49.65,5,49.5,17,49.8,45,1,2316,2025-06-19
2025-06-19 09:02:29.564797,49.7,1,49.5,17,49.8,45,1,2316,2025-06-19
2025-06-19 09:02:29.564797,49.75,1,49.5,17,49.8,45,1,2316,2025-06-19
2025-06-19 09:02:29.564797,49.8,1,49.5,17,49.8,45,1,2316,2025-06-19
2025-06-19 09:02:30.365520,49.6,1,49.5,28,49.75,1,1,2316,2025-06-19
2025-06-19 09:02:30.365520,49.75,2,49.5,28,49.75,1,1,2316,2025-06-19
2025-06-19 09:02:30.412229,49.6,1,49.5,28,49.75,1,1,2316,2025-06-19
2025-06-19 09:02:30.500214,49.75,3,49.5,28,49.75,3,1,2316,2025-06-19
2025-06-19 09:02:30.859571,49.5,5,49.5,23,49.8,45,2,2316,2025-06-19
2025-06-19 09:02:30.990757,49.7,1,49.5,23,49.8,43,1,2316,2025-06-19
2025-06-19 09:02:30.990757,49.8,2,49.5,23,49.8,43,1,2316,2025-06-19
2025-06-19 09:02:31.566581,49.55,1,49.55,2,49.75,2,2,2316,2025-06-19
2025-06-19 09:02:31.680607,49.65,1,49.55,3,49.75,2,1,2316,2025-06-19
2025-06-19 09:02:31.706297,49.8,43,49.55,3,49.85,2,1,2316,2025-06-19
2025-06-19 09:02:31.706297,49.85,7,49.55,3,49.85,2,1,2316,2025-06-19
2025-06-19 09:02:31.734014,49.85,1,49.55,5,49.9,36,1,2316,2025-06-19
2025-06-19 09:02:31.736710,49.55,4,49.5,23,49.85,2,2,2316,2025-06-19
2025-06-19 09:02:31.736710,49.5,3,49.5,23,49.85,2,2,2316,2025-06-19
2025-06-19 09:02:31.962192,49.8,1,49.55,1,49.8,2,1,2316,2025-06-19
2025-06-19 09:02:32.567425,49.6,1,49.5,22,49.75,1,2,2316,2025-06-19
2025-06-19 09:02:32.567425,49.55,1,49.5,22,49.75,1,2,2316,2025-06-19
2025-06-19 09:02:32.567425,49.5,1,49.5,22,49.75,1,2,2316,2025-06-19
2025-06-19 09:02:32.719496,49.75,1,49.6,2,49.9,33,1,2316,2025-06-19
2025-06-19 09:02:32.719496,49.8,2,49.6,2,49.9,33,1,2316,2025-06-19
2025-06-19 09:02:32.719496,49.9,3,49.6,2,49.9,33,1,2316,2025-06-19
2025-06-19 09:02:32.756123,49.9,33,49.9,17,50.0,11,1,2316,2025-06-19
2025-06-19 09:02:32.764369,49.9,2,49.9,15,50.0,11,2,2316,2025-06-19
2025-06-19 09:02:32.783207,49.9,1,49.9,14,50.0,11,2,2316,2025-06-19
2025-06-19 09:02:35.049603,49.95,1,49.75,2,49.95,1,1,2316,2025-06-19
2025-06-19 09:02:35.191025,49.95,1,49.75,3,49.95,1,1,2316,2025-06-19
2025-06-19 09:02:35.224543,49.95,1,49.75,3,50.0,12,1,2316,2025-06-19
2025-06-19 09:02:35.639089,50.0,6,49.75,3,50.0,5,1,2316,2025-06-19
2025-06-19 09:02:35.679009,50.0,5,49.75,4,50.0,5,1,2316,2025-06-19
2025-06-19 09:02:35.679009,50.1,27,49.75,4,50.0,5,1,2316,2025-06-19
2025-06-19 09:04:35.777520,49.95,79,49.9,3,49.95,1,2,2316,2025-06-19
2025-06-19 09:04:35.848648,49.95,1,49.9,5,50.0,20,1,2316,2025-06-19
2025-06-19 09:04:35.874567,49.9,2,49.9,4,50.0,20,2,2316,2025-06-19
2025-06-19 09:04:35.924327,49.95,1,49.9,2,49.95,1,2,2316,2025-06-19
2025-06-19 09:04:36.783244,49.9,1,49.85,3,49.95,2,2,2316,2025-06-19
2025-06-19 09:04:36.790789,49.85,2,49.85,1,49.95,2,2,2316,2025-06-19
2025-06-19 09:04:36.830658,49.85,1,49.8,25,49.95,4,2,2316,2025-06-19
2025-06-19 09:04:36.862146,49.8,25,49.75,2,49.95,4,2,2316,2025-06-19
2025-06-19 09:04:36.892435,49.75,2,49.7,11,49.9,1,2,2316,2025-06-19
2025-06-19 09:04:36.923954,49.7,6,49.7,6,49.85,2,2,2316,2025-06-19
2025-06-19 09:04:37.121103,49.8,1,49.7,5,49.8,3,1,2316,2025-06-19
2025-06-19 09:04:37.867641,49.85,1,49.7,5,49.85,1,1,2316,2025-06-19
2025-06-19 09:04:38.882313,49.7,5,49.65,2,49.85,2,2,2316,2025-06-19
2025-06-19 09:04:40.968783,49.75,1,49.75,10,49.8,1,2,2316,2025-06-19
2025-06-19 09:04:42.899067,49.8,1,49.75,10,49.9,3,1,2316,2025-06-19
2025-06-19 09:04:46.722726,49.8,1,49.8,2,49.85,2,2,2316,2025-06-19
2025-06-19 09:04:46.758261,49.8,2,49.75,11,49.85,2,2,2316,2025-06-19
2025-06-19 09:04:46.843193,49.75,11,49.7,1,49.85,2,2,2316,2025-06-19
2025-06-19 09:04:46.876884,49.7,1,49.65,2,49.85,2,2,2316,2025-06-19
2025-06-19 09:04:46.957984,49.8,1,49.7,1,49.8,2,1,2316,2025-06-19
2025-06-19 09:04:49.664838,49.75,2,49.65,2,49.8,2,1,2316,2025-06-19
2025-06-19 09:04:50.688642,49.8,1,49.65,3,49.8,3,1,2316,2025-06-19
2025-06-19 09:04:50.953564,49.8,1,49.65,2,49.8,4,1,2316,2025-06-19
2025-06-19 09:04:51.096580,49.65,2,49.6,6,49.8,2,2,2316,2025-06-19
2025-06-19 09:04:51.096580,49.6,1,49.6,6,49.8,2,2,2316,2025-06-19
2025-06-19 09:04:51.574413,49.8,1,49.6,7,49.8,4,1,2316,2025-06-19
2025-06-19 09:04:53.056607,49.7,1,49.8,12,49.85,1,1,2316,2025-06-19
2025-06-19 09:04:53.056607,49.75,2,49.8,12,49.85,1,1,2316,2025-06-19
2025-06-19 09:04:53.056607,49.8,5,49.8,12,49.85,1,1,2316,2025-06-19
2025-06-19 09:04:53.089522,49.8,12,49.6,7,49.85,1,2,2316,2025-06-19
2025-06-19 09:04:54.115738,49.85,1,49.7,2,49.85,3,1,2316,2025-06-19
2025-06-19 09:04:54.662489,49.7,1,49.7,1,49.9,4,2,2316,2025-06-19
2025-06-19 09:04:56.323774,49.8,1,49.7,1,49.9,4,1,2316,2025-06-19
2025-06-19 09:04:58.868270,49.8,1,49.8,5,49.9,4,2,2316,2025-06-19
2025-06-19 09:04:59.198330,49.85,2,49.8,5,49.9,1,1,2316,2025-06-19
2025-06-19 09:04:59.198330,49.9,3,49.8,5,49.9,1,1,2316,2025-06-19
2025-06-19 09:04:59.228123,49.9,1,49.85,1,49.95,1,1,2316,2025-06-19
2025-06-19 09:04:59.833795,49.85,1,49.8,5,49.95,1,2,2316,2025-06-19
2025-06-19 09:05:00.692268,49.85,1,49.8,1,49.95,1,2,2316,2025-06-19
2025-06-19 09:05:00.692268,49.8,4,49.8,1,49.95,1,2,2316,2025-06-19
2025-06-19 09:05:01.016048,49.95,1,49.85,7,50.0,15,1,2316,2025-06-19
2025-06-19 09:05:02.338987,50.0,1,49.95,1,50.0,14,1,2316,2025-06-19
2025-06-19 09:05:02.502239,50.0,1,49.95,1,50.0,13,1,2316,2025-06-19
2025-06-19 09:05:02.793768,50.0,1,49.95,1,50.0,12,1,2316,2025-06-19
2025-06-19 09:05:03.447133,50.0,1,49.95,1,50.0,11,1,2316,2025-06-19
2025-06-19 09:05:03.566432,50.0,3,49.95,1,50.0,8,1,2316,2025-06-19
2025-06-19 09:05:03.600288,50.0,3,49.95,1,50.0,5,1,2316,2025-06-19
2025-06-19 09:05:03.600393,50.0,4,49.95,1,50.0,1,1,2316,2025-06-19
2025-06-19 09:05:03.633069,50.0,1,49.95,1,50.1,7,1,2316,2025-06-19
2025-06-19 09:05:04.392637,50.0,3,50.0,7,50.1,7,2,2316,2025-06-19
2025-06-19 09:05:04.443906,50.0,1,50.0,6,50.1,7,2,2316,2025-06-19
2025-06-19 09:05:04.781117,50.0,3,50.0,4,50.1,7,2,2316,2025-06-19
2025-06-19 09:05:05.725425,50.0,1,50.0,5,50.1,7,2,2316,2025-06-19
2025-06-19 09:05:06.024755,50.1,1,50.0,5,50.1,6,1,2316,2025-06-19
2025-06-19 09:05:06.220478,50.1,1,50.0,5,50.1,6,1,2316,2025-06-19
2025-06-19 09:05:06.812498,50.1,5,50.0,12,50.2,3,1,2316,2025-06-19
2025-06-19 09:05:07.849404,50.2,3,50.1,1,50.5,15,1,2316,2025-06-19
2025-06-19 09:05:07.849404,50.3,2,50.1,1,50.5,15,1,2316,2025-06-19
2025-06-19 09:05:08.065190,50.1,2,50.0,15,50.4,3,2,2316,2025-06-19
2025-06-19 09:05:08.065190,50.0,2,50.0,15,50.4,3,2,2316,2025-06-19
2025-06-19 09:05:08.157881,50.4,1,50.0,15,50.4,2,1,2316,2025-06-19
2025-06-19 09:05:08.830939,50.1,1,50.1,2,50.5,13,2,2316,2025-06-19
2025-06-19 09:05:09.000281,50.4,1,50.1,3,50.4,5,1,2316,2025-06-19
2025-06-19 09:05:09.745136,50.4,4,50.1,4,50.5,12,1,2316,2025-06-19
2025-06-19 09:05:09.745136,50.5,1,50.1,4,50.5,12,1,2316,2025-06-19
2025-06-19 09:05:09.990488,50.5,10,50.2,4,50.5,12,1,2316,2025-06-19
2025-06-19 09:05:10.086872,50.2,1,50.2,2,50.5,2,2,2316,2025-06-19
2025-06-19 09:05:10.735701,50.4,1,50.1,6,50.5,2,2,2316,2025-06-19
2025-06-19 09:05:10.783711,50.4,1,50.1,7,50.4,1,1,2316,2025-06-19
2025-06-19 09:05:11.013327,50.4,1,50.4,1,50.5,3,1,2316,2025-06-19
2025-06-19 09:05:11.040423,50.4,1,50.1,7,50.5,3,2,2316,2025-06-19
2025-06-19 09:05:11.248207,50.1,1,50.1,7,50.5,4,2,2316,2025-06-19
2025-06-19 09:05:11.859847,50.2,1,50.2,5,50.4,2,2,2316,2025-06-19
2025-06-19 09:05:12.044478,50.4,2,50.2,4,50.5,1,1,2316,2025-06-19
2025-06-19 09:05:12.044478,50.5,3,50.2,4,50.5,1,1,2316,2025-06-19
2025-06-19 09:05:13.044885,50.2,1,50.2,1,50.5,2,2,2316,2025-06-19
2025-06-19 09:05:13.883131,50.3,1,50.2,3,50.5,2,2,2316,2025-06-19
2025-06-19 09:05:14.794759,50.5,2,50.3,2,50.7,21,1,2316,2025-06-19
2025-06-19 09:05:14.794759,50.6,8,50.3,2,50.7,21,1,2316,2025-06-19
2025-06-19 09:05:14.975849,50.7,1,50.4,1,50.7,20,1,2316,2025-06-19
2025-06-19 09:05:15.086419,50.4,2,50.3,7,50.6,1,2,2316,2025-06-19
2025-06-19 09:05:16.020534,50.4,1,50.3,12,50.5,6,2,2316,2025-06-19
2025-06-19 09:05:16.339121,50.5,5,50.3,12,50.5,1,1,2316,2025-06-19
2025-06-19 09:05:16.401095,50.5,1,50.4,1,50.7,20,1,2316,2025-06-19
2025-06-19 09:05:16.401095,50.6,1,50.4,1,50.7,20,1,2316,2025-06-19
2025-06-19 09:05:17.201320,50.6,1,50.4,4,50.7,20,1,2316,2025-06-19
2025-06-19 09:05:17.616069,50.7,1,50.4,4,50.7,19,1,2316,2025-06-19
2025-06-19 09:05:17.880154,50.6,1,50.4,5,50.7,19,2,2316,2025-06-19
2025-06-19 09:05:18.201768,50.6,1,50.9,17,51.0,17,1,2316,2025-06-19
2025-06-19 09:05:18.201768,50.7,19,50.9,17,51.0,17,1,2316,2025-06-19
2025-06-19 09:05:18.201768,50.8,5,50.9,17,51.0,17,1,2316,2025-06-19
2025-06-19 09:05:18.201768,50.9,8,50.9,17,51.0,17,1,2316,2025-06-19
2025-06-19 09:05:18.235516,51.0,2,50.9,17,51.0,15,1,2316,2025-06-19
2025-06-19 09:05:18.240426,50.9,1,50.9,16,51.0,15,2,2316,2025-06-19
2025-06-19 09:05:18.240615,50.9,1,50.9,15,51.0,15,2,2316,2025-06-19
2025-06-19 09:05:18.240625,50.9,4,50.9,11,51.0,15,2,2316,2025-06-19
2025-06-19 09:05:18.261177,50.9,15,50.5,3,51.0,12,2,2316,2025-06-19
2025-06-19 09:05:18.281188,50.5,1,50.5,1,51.0,14,2,2316,2025-06-19
2025-06-19 09:05:18.498637,50.8,2,50.5,2,50.8,2,1,2316,2025-06-19
2025-06-19 09:05:18.929090,50.8,1,50.6,1,50.8,2,1,2316,2025-06-19
2025-06-19 09:05:19.645152,50.8,1,50.8,9,50.9,3,1,2316,2025-06-19
2025-06-19 09:05:19.796130,50.8,9,50.7,2,51.0,14,2,2316,2025-06-19
2025-06-19 09:05:19.909156,50.7,2,50.5,2,50.9,5,2,2316,2025-06-19
2025-06-19 09:05:20.496805,50.8,1,50.6,1,50.8,3,1,2316,2025-06-19
2025-06-19 09:05:20.511031,50.8,1,50.6,1,50.8,2,1,2316,2025-06-19
2025-06-19 09:05:20.576173,50.9,5,50.6,1,51.0,7,1,2316,2025-06-19
2025-06-19 09:05:20.576173,51.0,5,50.6,1,51.0,7,1,2316,2025-06-19
2025-06-19 09:05:20.719705,50.7,1,50.6,3,50.9,2,2,2316,2025-06-19
2025-06-19 09:05:21.040359,50.6,3,50.5,1,50.8,1,2,2316,2025-06-19
2025-06-19 09:05:21.040359,50.5,2,50.5,1,50.8,1,2,2316,2025-06-19
2025-06-19 09:05:21.200775,50.6,1,50.5,3,50.7,1,2,2316,2025-06-19
2025-06-19 09:05:21.418796,50.7,1,50.5,3,50.8,4,1,2316,2025-06-19
2025-06-19 09:05:21.524019,50.8,1,50.6,1,50.8,3,1,2316,2025-06-19
2025-06-19 09:05:21.754116,50.8,1,50.5,3,51.0,2,1,2316,2025-06-19
2025-06-19 09:05:21.754116,50.9,1,50.5,3,51.0,2,1,2316,2025-06-19
2025-06-19 09:05:21.754116,51.0,5,50.5,3,51.0,2,1,2316,2025-06-19
2025-06-19 09:05:22.940262,50.8,1,50.7,1,50.9,3,1,2316,2025-06-19
2025-06-19 09:05:22.940262,50.9,1,50.7,1,50.9,3,1,2316,2025-06-19
2025-06-19 09:05:23.630293,50.9,1,50.8,1,50.9,3,1,2316,2025-06-19
2025-06-19 09:05:24.225535,50.9,4,51.0,13,51.1,12,1,2316,2025-06-19
2025-06-19 09:05:24.225535,51.0,3,51.0,13,51.1,12,1,2316,2025-06-19
2025-06-19 09:05:24.251587,51.1,5,51.0,13,51.1,7,1,2316,2025-06-19
2025-06-19 09:05:24.256002,51.0,9,51.0,4,51.1,9,2,2316,2025-06-19
2025-06-19 09:05:24.288498,51.0,2,51.0,2,51.1,9,2,2316,2025-06-19
2025-06-19 09:05:24.319015,51.0,1,51.0,1,51.1,9,2,2316,2025-06-19
2025-06-19 09:05:24.342916,51.0,1,50.8,3,51.1,9,2,2316,2025-06-19
2025-06-19 09:05:24.920992,50.9,1,50.8,9,51.1,7,2,2316,2025-06-19
2025-06-19 09:05:24.943351,51.1,7,50.8,9,51.2,17,1,2316,2025-06-19
2025-06-19 09:05:24.943351,51.2,3,50.8,9,51.2,17,1,2316,2025-06-19
2025-06-19 09:05:25.650953,51.0,1,50.9,4,51.2,17,2,2316,2025-06-19
2025-06-19 09:05:25.716613,50.9,2,50.9,2,51.1,2,2,2316,2025-06-19
2025-06-19 09:05:26.014103,51.0,1,50.9,3,51.1,2,1,2316,2025-06-19
2025-06-19 09:05:26.014103,51.1,1,50.9,3,51.1,2,1,2316,2025-06-19
2025-06-19 09:05:26.192253,51.1,1,50.9,3,51.1,2,1,2316,2025-06-19
2025-06-19 09:05:26.386644,51.0,2,51.0,3,51.2,19,2,2316,2025-06-19
2025-06-19 09:05:27.104455,51.2,1,51.0,3,51.2,16,1,2316,2025-06-19
2025-06-19 09:05:27.275305,51.2,1,51.0,4,51.2,15,1,2316,2025-06-19
2025-06-19 09:05:27.606307,51.0,1,51.0,3,51.2,15,2,2316,2025-06-19
2025-06-19 09:05:27.646770,51.2,1,51.0,3,51.2,14,1,2316,2025-06-19
2025-06-19 09:05:27.753046,51.1,1,51.1,1,51.2,14,2,2316,2025-06-19
2025-06-19 09:05:27.984909,51.2,14,51.0,3,51.2,14,1,2316,2025-06-19
2025-06-19 09:05:27.984909,51.3,6,51.0,3,51.2,14,1,2316,2025-06-19
2025-06-19 09:05:28.121240,51.3,1,51.1,1,51.3,16,1,2316,2025-06-19
2025-06-19 09:05:28.539020,51.2,1,51.1,1,51.3,15,2,2316,2025-06-19
2025-06-19 09:05:29.049186,51.3,1,51.2,1,51.3,14,1,2316,2025-06-19
2025-06-19 09:05:29.079659,51.2,1,51.1,1,51.3,14,2,2316,2025-06-19
2025-06-19 09:05:29.239897,51.1,1,51.0,11,51.3,14,2,2316,2025-06-19
2025-06-19 09:05:29.263602,51.3,1,51.1,3,51.3,13,1,2316,2025-06-19
2025-06-19 09:05:29.286207,51.1,1,51.1,2,51.2,2,2,2316,2025-06-19
2025-06-19 09:05:29.353251,51.2,1,51.1,2,51.3,13,2,2316,2025-06-19
2025-06-19 09:05:30.358716,51.3,1,51.1,3,51.3,12,1,2316,2025-06-19
2025-06-19 09:05:30.439652,51.2,1,51.1,3,51.3,12,2,2316,2025-06-19
2025-06-19 09:05:30.781905,51.3,1,51.1,3,51.3,11,1,2316,2025-06-19
2025-06-19 09:05:30.961840,51.2,1,51.1,3,51.3,11,2,2316,2025-06-19
2025-06-19 09:05:30.998326,51.1,1,51.1,2,51.3,11,2,2316,2025-06-19
2025-06-19 09:05:31.007935,51.2,1,51.1,2,51.2,1,1,2316,2025-06-19
2025-06-19 09:05:31.137828,51.2,1,51.1,2,51.3,11,2,2316,2025-06-19
2025-06-19 09:05:31.558269,51.2,1,51.1,3,51.2,4,1,2316,2025-06-19
2025-06-19 09:05:31.564285,51.1,1,51.1,2,51.2,4,2,2316,2025-06-19
2025-06-19 09:05:31.803508,51.1,1,51.0,18,51.2,4,2,2316,2025-06-19
2025-06-19 09:05:31.841404,51.1,1,51.0,18,51.2,4,2,2316,2025-06-19
2025-06-19 09:05:31.959429,51.2,1,51.0,18,51.2,3,1,2316,2025-06-19
2025-06-19 09:05:32.193292,51.2,1,51.1,1,51.2,2,1,2316,2025-06-19
2025-06-19 09:05:32.225775,51.2,2,51.1,1,51.3,9,1,2316,2025-06-19
2025-06-19 09:05:32.395662,51.1,1,51.0,18,51.2,3,2,2316,2025-06-19
2025-06-19 09:05:32.473244,51.2,1,51.0,20,51.2,3,1,2316,2025-06-19
2025-06-19 09:05:32.554655,51.2,1,51.0,20,51.2,3,1,2316,2025-06-19
2025-06-19 09:05:33.027260,51.2,1,51.0,20,51.2,1,1,2316,2025-06-19
2025-06-19 09:05:33.076127,51.2,1,51.0,20,51.3,9,1,2316,2025-06-19
2025-06-19 09:05:33.099457,51.3,1,51.0,20,51.3,8,1,2316,2025-06-19
2025-06-19 09:05:33.717612,51.2,1,51.1,1,51.3,16,2,2316,2025-06-19
2025-06-19 09:05:33.748260,51.1,1,51.1,1,51.2,1,2,2316,2025-06-19
2025-06-19 09:05:33.748276,51.1,1,51.0,20,51.2,1,2,2316,2025-06-19
2025-06-19 09:05:33.763933,51.2,1,51.0,20,51.3,17,1,2316,2025-06-19
2025-06-19 09:05:33.873613,51.1,1,51.1,1,51.2,3,2,2316,2025-06-19
2025-06-19 09:05:33.873626,51.1,1,51.0,20,51.2,3,2,2316,2025-06-19
2025-06-19 09:05:34.003549,51.2,2,51.0,20,51.3,15,1,2316,2025-06-19
2025-06-19 09:05:34.153497,51.1,1,51.0,20,51.2,3,2,2316,2025-06-19
2025-06-19 09:05:34.431991,51.2,1,51.0,20,51.2,2,1,2316,2025-06-19
2025-06-19 09:05:34.978656,51.1,4,51.0,19,51.2,2,2,2316,2025-06-19
2025-06-19 09:05:35.254208,51.0,5,51.0,14,51.2,3,2,2316,2025-06-19
2025-06-19 09:05:35.582569,51.2,3,51.1,10,51.2,2,1,2316,2025-06-19
2025-06-19 09:05:35.592451,51.1,7,51.1,3,51.2,2,2,2316,2025-06-19
2025-06-19 09:05:35.593764,51.1,3,51.0,14,51.2,2,2,2316,2025-06-19
2025-06-19 09:05:35.789543,51.1,1,51.0,15,51.1,1,1,2316,2025-06-19
2025-06-19 09:05:36.025469,51.1,1,51.0,15,51.1,1,1,2316,2025-06-19
2025-06-19 09:05:36.035155,51.1,1,51.0,15,51.2,8,1,2316,2025-06-19
2025-06-19 09:05:36.091091,51.2,2,51.0,15,51.2,10,1,2316,2025-06-19
2025-06-19 09:05:36.110111,51.0,2,51.0,13,51.2,8,2,2316,2025-06-19
2025-06-19 09:05:36.219609,51.2,3,51.0,13,51.2,5,1,2316,2025-06-19
2025-06-19 09:05:36.259974,51.2,1,51.0,13,51.2,24,1,2316,2025-06-19
2025-06-19 09:05:36.521492,51.0,13,50.9,6,51.1,1,2,2316,2025-06-19
2025-06-19 09:05:36.575680,51.1,3,50.9,6,51.1,1,1,2316,2025-06-19
2025-06-19 09:05:36.811319,51.0,5,50.9,5,51.1,7,2,2316,2025-06-19
2025-06-19 09:05:36.900912,51.0,1,50.9,5,51.1,8,2,2316,2025-06-19
2025-06-19 09:05:37.314592,50.9,2,50.9,3,51.1,8,2,2316,2025-06-19
2025-06-19 09:05:37.366909,50.9,3,50.8,7,51.0,1,2,2316,2025-06-19
2025-06-19 09:05:37.513064,51.0,3,50.8,7,51.0,1,1,2316,2025-06-19
2025-06-19 09:05:37.637638,51.1,1,50.8,7,51.1,8,1,2316,2025-06-19
2025-06-19 09:05:37.718788,51.1,5,50.8,7,51.1,2,1,2316,2025-06-19
2025-06-19 09:05:37.774686,51.1,1,50.8,7,51.1,3,1,2316,2025-06-19
2025-06-19 09:05:38.101979,51.1,3,51.1,2,51.2,25,1,2316,2025-06-19
2025-06-19 09:05:38.138030,51.1,1,51.1,1,51.2,25,2,2316,2025-06-19
2025-06-19 09:05:38.138089,51.1,1,50.9,1,51.2,25,2,2316,2025-06-19
2025-06-19 09:05:38.810086,50.9,2,50.8,4,51.1,2,2,2316,2025-06-19
2025-06-19 09:05:38.810086,50.8,3,50.8,4,51.1,2,2,2316,2025-06-19
2025-06-19 09:05:38.857759,51.1,1,50.8,4,51.1,4,1,2316,2025-06-19
2025-06-19 09:05:39.519173,51.0,1,50.9,1,51.2,25,1,2316,2025-06-19
2025-06-19 09:05:39.519173,51.1,3,50.9,1,51.2,25,1,2316,2025-06-19
2025-06-19 09:05:39.519173,51.2,1,50.9,1,51.2,25,1,2316,2025-06-19
2025-06-19 09:05:39.607631,51.0,1,50.9,2,51.2,25,2,2316,2025-06-19
2025-06-19 09:05:40.403614,51.2,2,50.9,2,51.2,23,1,2316,2025-06-19
2025-06-19 09:05:40.615274,51.1,1,50.9,7,51.1,1,1,2316,2025-06-19
2025-06-19 09:05:40.721241,51.0,1,50.9,7,51.2,23,2,2316,2025-06-19
2025-06-19 09:05:40.871482,51.2,1,50.9,7,51.2,22,1,2316,2025-06-19
2025-06-19 09:05:41.622877,51.0,5,50.9,8,51.1,2,2,2316,2025-06-19
2025-06-19 09:05:42.691361,51.1,2,51.0,4,51.2,22,1,2316,2025-06-19
2025-06-19 09:05:42.863890,51.0,1,51.0,4,51.2,22,2,2316,2025-06-19
2025-06-19 09:05:44.018777,51.0,1,51.0,6,51.2,22,2,2316,2025-06-19
2025-06-19 09:05:44.460120,51.2,1,51.0,6,51.2,21,1,2316,2025-06-19
2025-06-19 09:05:44.838137,51.0,7,50.9,4,51.1,1,2,2316,2025-06-19
2025-06-19 09:05:45.332539,51.1,1,51.1,2,51.2,21,1,2316,2025-06-19
2025-06-19 09:05:45.372658,51.1,1,51.1,1,51.2,21,2,2316,2025-06-19
2025-06-19 09:05:45.372674,51.1,1,51.0,1,51.2,21,2,2316,2025-06-19
2025-06-19 09:05:45.518175,51.0,1,50.9,5,51.1,2,1,2316,2025-06-19
2025-06-19 09:05:45.789097,51.0,2,50.9,6,51.0,11,2,2316,2025-06-19
2025-06-19 09:05:46.389214,51.0,1,50.9,5,51.0,10,1,2316,2025-06-19
2025-06-19 09:05:46.562120,51.0,1,50.9,5,51.0,9,1,2316,2025-06-19
2025-06-19 09:05:46.575781,50.9,5,50.8,19,51.0,9,2,2316,2025-06-19
2025-06-19 09:05:46.666219,51.0,1,50.8,19,51.0,8,1,2316,2025-06-19
2025-06-19 09:05:46.932236,51.0,1,50.8,19,51.0,9,1,2316,2025-06-19
2025-06-19 09:05:47.230147,51.0,2,50.8,19,51.0,7,1,2316,2025-06-19
2025-06-19 09:05:47.250085,50.8,5,50.8,14,51.0,7,2,2316,2025-06-19
2025-06-19 09:05:47.328926,51.0,2,50.8,14,51.0,5,1,2316,2025-06-19
2025-06-19 09:05:47.469031,51.0,1,50.8,14,51.0,4,1,2316,2025-06-19
2025-06-19 09:05:47.740550,51.0,1,50.9,2,51.0,3,1,2316,2025-06-19
2025-06-19 09:05:47.767810,51.0,3,51.1,3,51.2,23,1,2316,2025-06-19
2025-06-19 09:05:47.767810,51.1,4,51.1,3,51.2,23,1,2316,2025-06-19
2025-06-19 09:05:47.796942,51.1,2,51.1,1,51.2,23,2,2316,2025-06-19
2025-06-19 09:05:47.796973,51.1,1,51.0,2,51.2,23,2,2316,2025-06-19
2025-06-19 09:05:47.917012,50.9,2,50.8,21,51.2,23,2,2316,2025-06-19
2025-06-19 09:05:47.917012,50.8,3,50.8,21,51.2,23,2,2316,2025-06-19
2025-06-19 09:05:48.127209,51.0,2,51.0,1,51.2,24,1,2316,2025-06-19
2025-06-19 09:05:48.181857,51.0,2,50.8,21,51.2,24,2,2316,2025-06-19
2025-06-19 09:05:48.259412,51.0,1,50.8,21,51.1,3,2,2316,2025-06-19
2025-06-19 09:05:48.380710,50.9,5,50.9,11,51.2,24,2,2316,2025-06-19
2025-06-19 09:05:48.960100,51.0,5,51.0,5,51.1,4,1,2316,2025-06-19
2025-06-19 09:05:49.314314,51.1,1,51.0,5,51.1,3,1,2316,2025-06-19
2025-06-19 09:05:51.137642,51.0,3,51.0,6,51.1,4,2,2316,2025-06-19
2025-06-19 09:05:51.888912,51.0,1,51.0,5,51.1,5,2,2316,2025-06-19
2025-06-19 09:05:51.997353,51.0,1,51.0,4,51.1,5,2,2316,2025-06-19
2025-06-19 09:05:52.268296,51.0,4,50.9,12,51.1,7,2,2316,2025-06-19
2025-06-19 09:05:52.392098,51.0,1,50.9,12,51.1,4,2,2316,2025-06-19
2025-06-19 09:05:52.527510,51.0,1,50.9,12,51.1,4,2,2316,2025-06-19
2025-06-19 09:05:52.893726,51.0,1,51.0,1,51.1,4,1,2316,2025-06-19
2025-06-19 09:05:52.955495,51.0,1,50.9,13,51.1,4,2,2316,2025-06-19
2025-06-19 09:05:52.982045,51.1,4,50.9,13,51.1,4,1,2316,2025-06-19
2025-06-19 09:05:52.982045,51.2,16,50.9,13,51.1,4,1,2316,2025-06-19
2025-06-19 09:05:53.405449,51.0,4,50.9,8,51.2,10,2,2316,2025-06-19
2025-06-19 09:05:53.405449,50.9,6,50.9,8,51.2,10,2,2316,2025-06-19
2025-06-19 09:05:53.491077,50.9,1,50.9,7,51.2,10,2,2316,2025-06-19
2025-06-19 09:05:53.492659,51.2,1,50.9,8,51.2,10,1,2316,2025-06-19
2025-06-19 09:05:53.577817,51.2,2,50.9,7,51.2,7,1,2316,2025-06-19
2025-06-19 09:05:54.557925,51.1,1,50.9,7,51.1,4,1,2316,2025-06-19
2025-06-19 09:05:55.662703,51.1,1,51.0,6,51.1,3,1,2316,2025-06-19
2025-06-19 09:05:55.916931,51.0,5,51.0,1,51.1,3,2,2316,2025-06-19
2025-06-19 09:05:56.017019,51.1,1,51.0,1,51.1,2,1,2316,2025-06-19
2025-06-19 09:05:56.047950,51.1,2,51.1,1,51.2,8,1,2316,2025-06-19
2025-06-19 09:05:56.112930,51.1,1,50.9,8,51.0,4,2,2316,2025-06-19
2025-06-19 09:05:56.112930,51.0,1,50.9,8,51.0,4,2,2316,2025-06-19
2025-06-19 09:05:56.404908,50.9,1,50.9,7,51.0,4,2,2316,2025-06-19
2025-06-19 09:05:58.188782,50.9,5,50.9,2,51.0,7,2,2316,2025-06-19
2025-06-19 09:05:58.252577,51.0,7,51.0,3,51.1,2,1,2316,2025-06-19
2025-06-19 09:05:58.279211,51.0,3,50.9,2,51.1,2,2,2316,2025-06-19
2025-06-19 09:05:59.671291,51.0,1,50.9,4,51.0,9,2,2316,2025-06-19
2025-06-19 09:05:59.694600,50.9,4,50.8,35,51.0,10,2,2316,2025-06-19
2025-06-19 09:05:59.716959,50.9,1,50.8,35,51.0,12,2,2316,2025-06-19
2025-06-19 09:06:00.016985,51.0,1,50.8,35,51.0,11,1,2316,2025-06-19
2025-06-19 09:06:00.257731,50.9,2,50.8,35,51.0,10,2,2316,2025-06-19
2025-06-19 09:06:00.274498,51.0,2,50.8,35,51.0,8,1,2316,2025-06-19
2025-06-19 09:06:00.309927,51.0,4,50.8,35,51.0,8,1,2316,2025-06-19
2025-06-19 09:06:00.480547,51.0,1,50.8,35,51.0,3,1,2316,2025-06-19
2025-06-19 09:06:01.624124,51.0,1,50.8,34,51.0,4,1,2316,2025-06-19
2025-06-19 09:06:01.669239,51.0,1,50.8,34,51.0,3,1,2316,2025-06-19
2025-06-19 09:06:01.767562,51.0,1,50.8,34,51.0,2,1,2316,2025-06-19
2025-06-19 09:06:02.891109,50.9,1,50.8,34,51.0,10,2,2316,2025-06-19
2025-06-19 09:06:03.733135,50.9,1,50.8,34,50.9,6,1,2316,2025-06-19
2025-06-19 09:06:03.803427,50.9,1,50.8,34,50.9,4,1,2316,2025-06-19
2025-06-19 09:06:04.766967,50.9,1,50.8,35,50.9,3,1,2316,2025-06-19
2025-06-19 09:06:05.592498,50.9,1,50.8,35,50.9,2,1,2316,2025-06-19
2025-06-19 09:06:07.632581,50.8,35,50.7,5,50.9,4,2,2316,2025-06-19
2025-06-19 09:06:07.633620,50.9,1,50.7,5,50.9,3,1,2316,2025-06-19
2025-06-19 09:06:07.670522,50.7,5,50.6,21,50.8,1,2,2316,2025-06-19
2025-06-19 09:06:08.331811,50.6,1,50.6,20,50.8,5,2,2316,2025-06-19
2025-06-19 09:06:09.234190,50.6,1,50.6,19,50.7,5,2,2316,2025-06-19
2025-06-19 09:06:09.270537,50.6,6,50.6,13,50.7,5,2,2316,2025-06-19
2025-06-19 09:06:09.301484,50.6,2,50.6,11,50.7,5,2,2316,2025-06-19
2025-06-19 09:06:09.301698,50.6,11,50.5,7,50.7,5,2,2316,2025-06-19
2025-06-19 09:06:10.197696,50.6,1,50.5,10,50.6,4,1,2316,2025-06-19
2025-06-19 09:06:10.398734,50.6,2,50.5,10,50.6,1,1,2316,2025-06-19
2025-06-19 09:06:10.453336,50.6,1,50.5,10,50.9,7,1,2316,2025-06-19
2025-06-19 09:06:10.453336,50.7,5,50.5,10,50.9,7,1,2316,2025-06-19
2025-06-19 09:06:10.453336,50.8,6,50.5,10,50.9,7,1,2316,2025-06-19
2025-06-19 09:06:10.453336,50.9,1,50.5,10,50.9,7,1,2316,2025-06-19
2025-06-19 09:06:11.136014,50.6,2,50.6,2,50.9,7,2,2316,2025-06-19
2025-06-19 09:06:12.330585,50.9,2,50.7,1,50.9,5,1,2316,2025-06-19
2025-06-19 09:06:12.397774,50.7,2,50.6,3,50.9,5,2,2316,2025-06-19
2025-06-19 09:06:12.397774,50.6,3,50.6,3,50.9,5,2,2316,2025-06-19
2025-06-19 09:06:13.670695,50.6,1,50.6,2,50.8,4,2,2316,2025-06-19
2025-06-19 09:06:13.943692,50.8,1,50.6,2,50.8,3,1,2316,2025-06-19
2025-06-19 09:06:14.159980,50.6,1,50.6,1,50.8,3,2,2316,2025-06-19
2025-06-19 09:06:15.688651,50.7,2,50.7,2,50.8,2,2,2316,2025-06-19
2025-06-19 09:06:16.042777,50.8,2,50.7,2,50.9,10,1,2316,2025-06-19
2025-06-19 09:06:16.750524,50.8,1,50.8,1,50.9,9,2,2316,2025-06-19
2025-06-19 09:06:19.006218,50.9,1,50.7,5,50.9,9,1,2316,2025-06-19
2025-06-19 09:06:19.523436,50.9,1,50.7,5,50.9,8,1,2316,2025-06-19
2025-06-19 09:06:20.233135,50.9,1,50.8,1,50.9,7,1,2316,2025-06-19
2025-06-19 09:06:20.938745,50.9,1,50.8,6,50.9,6,1,2316,2025-06-19
2025-06-19 09:06:21.207252,50.8,2,50.8,4,50.9,6,2,2316,2025-06-19
2025-06-19 09:06:21.824103,50.9,1,50.8,4,50.9,5,1,2316,2025-06-19
2025-06-19 09:06:21.885684,50.8,5,50.7,5,50.9,5,2,2316,2025-06-19
2025-06-19 09:06:21.969967,50.9,1,50.7,5,50.9,4,1,2316,2025-06-19
2025-06-19 09:06:22.104901,50.8,1,50.7,5,50.9,6,1,2316,2025-06-19
2025-06-19 09:06:22.477787,50.8,1,50.7,5,50.9,4,2,2316,2025-06-19
2025-06-19 09:06:23.682905,50.8,2,50.7,5,50.9,4,1,2316,2025-06-19
2025-06-19 09:06:23.773707,50.8,1,50.8,1,50.9,4,2,2316,2025-06-19
2025-06-19 09:06:25.586850,50.9,2,50.8,1,50.9,2,1,2316,2025-06-19
2025-06-19 09:06:25.987329,50.8,1,50.7,5,50.8,1,2,2316,2025-06-19
2025-06-19 09:06:26.025967,50.8,1,50.7,5,50.9,2,1,2316,2025-06-19
2025-06-19 09:06:27.573434,50.8,1,50.8,20,50.9,3,2,2316,2025-06-19
2025-06-19 09:06:27.947879,50.9,3,50.8,22,51.0,38,1,2316,2025-06-19
2025-06-19 09:06:28.940795,50.8,7,50.8,15,51.0,40,2,2316,2025-06-19
2025-06-19 09:06:29.593282,50.9,1,50.8,26,50.9,1,1,2316,2025-06-19
2025-06-19 09:06:29.826833,50.9,1,50.8,26,51.0,40,1,2316,2025-06-19
2025-06-19 09:06:32.049302,50.9,5,50.8,26,51.0,41,2,2316,2025-06-19
2025-06-19 09:06:32.593302,50.9,1,50.8,26,50.9,1,2,2316,2025-06-19
2025-06-19 09:06:32.634613,50.9,1,50.8,26,51.0,41,1,2316,2025-06-19
2025-06-19 09:06:33.480885,50.8,1,50.8,26,51.0,41,2,2316,2025-06-19
2025-06-19 09:06:33.522460,50.9,1,50.8,26,51.0,41,1,2316,2025-06-19
2025-06-19 09:06:36.247352,50.9,1,50.9,4,51.0,41,2,2316,2025-06-19
2025-06-19 09:06:36.292324,50.9,1,50.9,3,51.0,41,2,2316,2025-06-19
2025-06-19 09:06:36.575755,51.0,8,50.9,4,51.0,33,1,2316,2025-06-19
2025-06-19 09:06:36.599533,51.0,3,50.9,4,51.0,30,1,2316,2025-06-19
2025-06-19 09:06:36.633250,51.0,2,50.9,4,51.0,28,1,2316,2025-06-19
2025-06-19 09:06:37.452786,50.9,4,50.8,30,50.9,2,2,2316,2025-06-19
2025-06-19 09:06:37.470611,50.9,2,50.9,3,51.0,29,1,2316,2025-06-19
2025-06-19 09:06:37.610959,50.9,1,50.9,2,51.0,29,2,2316,2025-06-19
2025-06-19 09:06:37.975598,50.9,1,50.9,4,51.0,29,2,2316,2025-06-19
2025-06-19 09:06:38.006358,50.9,4,50.8,30,51.0,29,2,2316,2025-06-19
2025-06-19 09:06:38.246146,50.9,2,50.8,30,50.9,1,1,2316,2025-06-19
2025-06-19 09:06:38.352732,50.9,3,50.8,30,51.0,29,1,2316,2025-06-19
2025-06-19 09:06:38.636438,50.9,1,50.8,29,51.0,29,2,2316,2025-06-19
2025-06-19 09:06:39.462097,50.9,1,50.8,31,51.0,29,1,2316,2025-06-19
2025-06-19 09:06:40.487650,50.9,1,50.8,30,50.9,9,1,2316,2025-06-19
2025-06-19 09:06:42.147678,50.9,1,50.8,33,50.9,8,1,2316,2025-06-19
2025-06-19 09:06:43.794755,50.9,1,50.8,33,50.9,7,1,2316,2025-06-19
2025-06-19 09:06:44.256214,50.8,33,50.7,5,50.9,9,2,2316,2025-06-19
2025-06-19 09:06:44.295263,50.7,5,50.6,15,50.8,1,2,2316,2025-06-19
2025-06-19 09:06:44.363588,50.6,1,50.6,14,50.8,5,2,2316,2025-06-19
2025-06-19 09:06:44.548569,50.8,1,50.6,14,50.8,3,1,2316,2025-06-19
2025-06-19 09:06:45.076695,50.8,1,50.6,14,50.8,3,1,2316,2025-06-19
2025-06-19 09:06:46.769691,50.6,8,50.5,11,50.8,8,2,2316,2025-06-19
2025-06-19 09:06:46.843156,50.8,1,50.5,11,50.8,8,1,2316,2025-06-19
2025-06-19 09:06:48.244368,50.5,6,50.5,5,50.7,4,2,2316,2025-06-19
2025-06-19 09:06:48.285358,50.5,5,50.4,7,50.7,4,2,2316,2025-06-19
2025-06-19 09:06:50.149733,50.6,1,50.4,7,50.6,5,1,2316,2025-06-19
2025-06-19 09:06:50.708773,50.6,5,50.4,7,50.8,7,1,2316,2025-06-19
2025-06-19 09:06:50.708773,50.7,4,50.4,7,50.8,7,1,2316,2025-06-19
2025-06-19 09:06:50.708773,50.8,1,50.4,7,50.8,7,1,2316,2025-06-19
2025-06-19 09:06:53.705245,50.5,1,50.5,5,50.6,3,2,2316,2025-06-19
2025-06-19 09:06:54.871679,50.5,1,50.5,4,50.6,5,2,2316,2025-06-19
2025-06-19 09:06:54.912036,50.5,4,50.4,6,50.6,6,2,2316,2025-06-19
2025-06-19 09:06:57.046550,50.5,1,50.4,8,50.6,8,1,2316,2025-06-19
2025-06-19 09:06:57.579894,50.6,1,50.5,1,50.6,6,1,2316,2025-06-19
2025-06-19 09:06:57.588703,50.5,1,50.4,8,50.6,6,2,2316,2025-06-19
2025-06-19 09:06:59.450189,50.5,1,50.4,8,50.6,6,2,2316,2025-06-19
2025-06-19 09:07:00.938654,50.4,1,50.4,8,50.5,2,2,2316,2025-06-19
2025-06-19 09:07:00.972423,50.4,1,50.4,7,50.5,2,2,2316,2025-06-19
2025-06-19 09:07:01.114262,50.4,1,50.4,6,50.5,3,2,2316,2025-06-19
2025-06-19 09:07:01.547872,50.4,2,50.4,9,50.5,2,2,2316,2025-06-19
2025-06-19 09:07:03.991154,50.4,1,50.4,8,50.5,4,2,2316,2025-06-19
2025-06-19 09:07:04.533288,50.4,6,50.4,2,50.5,4,2,2316,2025-06-19
2025-06-19 09:07:04.561219,50.4,1,50.4,1,50.5,5,2,2316,2025-06-19
2025-06-19 09:07:04.580488,50.4,1,50.3,9,50.5,5,2,2316,2025-06-19
2025-06-19 09:07:05.366835,50.3,9,50.1,26,50.2,29,2,2316,2025-06-19
2025-06-19 09:07:05.366835,50.2,12,50.1,26,50.2,29,2,2316,2025-06-19
2025-06-19 09:07:05.395643,50.2,1,50.1,26,50.2,28,1,2316,2025-06-19
2025-06-19 09:07:05.395669,50.2,1,50.1,26,50.2,27,1,2316,2025-06-19
2025-06-19 09:07:05.395724,50.2,27,50.1,26,50.5,5,1,2316,2025-06-19
2025-06-19 09:07:05.396058,50.1,3,50.1,23,50.5,5,2,2316,2025-06-19
2025-06-19 09:07:05.396075,50.1,3,50.1,20,50.5,5,2,2316,2025-06-19
2025-06-19 09:07:05.396109,50.1,3,50.1,17,50.5,5,2,2316,2025-06-19
2025-06-19 09:07:05.396125,50.1,3,50.1,14,50.5,5,2,2316,2025-06-19
2025-06-19 09:07:05.396148,50.1,3,50.1,11,50.5,5,2,2316,2025-06-19
2025-06-19 09:07:05.396554,50.1,3,50.1,8,50.5,5,2,2316,2025-06-19
2025-06-19 09:07:05.397328,50.1,1,50.1,7,50.5,5,2,2316,2025-06-19
2025-06-19 09:07:05.413876,50.1,3,50.1,4,50.5,5,2,2316,2025-06-19
2025-06-19 09:07:05.438984,50.4,1,50.2,1,50.4,3,1,2316,2025-06-19
2025-06-19 09:07:05.464421,50.3,2,50.2,3,50.4,4,1,2316,2025-06-19
2025-06-19 09:07:05.615492,50.3,1,50.3,1,50.4,4,2,2316,2025-06-19
2025-06-19 09:07:05.615492,50.2,2,50.3,1,50.4,4,2,2316,2025-06-19
2025-06-19 09:07:05.744159,50.2,1,50.1,3,50.4,4,2,2316,2025-06-19
2025-06-19 09:07:05.744159,50.1,1,50.1,3,50.4,4,2,2316,2025-06-19
2025-06-19 09:07:07.288548,50.4,1,50.2,2,50.4,3,1,2316,2025-06-19
2025-06-19 09:07:07.476474,50.4,1,50.2,2,50.4,3,1,2316,2025-06-19
2025-06-19 09:07:07.734031,50.2,2,50.0,51,50.4,6,2,2316,2025-06-19
2025-06-19 09:07:07.734031,50.1,3,50.0,51,50.4,6,2,2316,2025-06-19
2025-06-19 09:07:07.770708,50.3,1,50.2,1,50.3,1,1,2316,2025-06-19
2025-06-19 09:07:09.902449,50.2,1,50.1,1,50.3,3,2,2316,2025-06-19
2025-06-19 09:07:09.902449,50.1,1,50.1,1,50.3,3,2,2316,2025-06-19
2025-06-19 09:07:09.981089,50.2,1,50.1,1,50.3,4,2,2316,2025-06-19
2025-06-19 09:07:10.395428,50.1,1,50.0,49,50.2,1,2,2316,2025-06-19
2025-06-19 09:07:11.005588,50.2,3,50.0,49,50.3,4,1,2316,2025-06-19
2025-06-19 09:07:11.237718,50.1,3,50.0,49,50.3,4,2,2316,2025-06-19
2025-06-19 09:07:12.482646,50.3,1,50.1,1,50.3,6,1,2316,2025-06-19
2025-06-19 09:07:14.000984,50.1,4,50.0,48,50.3,5,2,2316,2025-06-19
2025-06-19 09:07:14.467053,50.0,1,50.0,47,50.3,5,2,2316,2025-06-19
2025-06-19 09:07:14.504712,50.1,1,50.1,1,50.2,4,2,2316,2025-06-19
2025-06-19 09:07:16.860593,50.1,1,50.0,38,50.2,4,2,2316,2025-06-19
2025-06-19 09:07:16.860593,50.0,9,50.0,38,50.2,4,2,2316,2025-06-19
2025-06-19 09:07:17.287776,50.0,7,50.0,31,50.2,4,2,2316,2025-06-19
2025-06-19 09:07:18.077739,50.0,11,50.0,20,50.1,5,2,2316,2025-06-19
2025-06-19 09:07:18.097451,50.0,2,50.0,18,50.1,5,2,2316,2025-06-19
2025-06-19 09:07:18.100358,50.0,1,50.0,17,50.1,6,2,2316,2025-06-19
2025-06-19 09:07:18.101087,50.0,2,50.0,15,50.1,6,2,2316,2025-06-19
2025-06-19 09:07:18.101804,50.0,1,50.0,14,50.1,6,2,2316,2025-06-19
2025-06-19 09:07:18.117817,50.0,1,50.0,13,50.1,8,2,2316,2025-06-19
2025-06-19 09:07:18.117916,50.0,2,50.0,11,50.1,8,2,2316,2025-06-19
2025-06-19 09:07:18.147591,50.0,2,50.0,9,50.1,9,2,2316,2025-06-19
2025-06-19 09:07:18.152578,50.0,9,49.95,10,50.0,2,2,2316,2025-06-19
2025-06-19 09:07:18.391110,49.95,10,49.9,5,50.0,3,2,2316,2025-06-19
2025-06-19 09:07:18.421255,49.9,1,49.9,4,50.0,3,2,2316,2025-06-19
2025-06-19 09:07:18.456018,49.9,1,49.9,3,49.95,3,2,2316,2025-06-19
2025-06-19 09:07:18.456260,49.9,1,49.9,2,49.95,3,2,2316,2025-06-19
2025-06-19 09:07:18.456475,49.9,1,49.9,1,49.95,3,2,2316,2025-06-19
2025-06-19 09:07:18.527066,49.9,1,49.85,2,49.95,3,2,2316,2025-06-19
2025-06-19 09:07:19.397912,49.9,1,49.85,2,49.9,1,1,2316,2025-06-19
2025-06-19 09:07:19.774001,49.85,1,49.85,1,49.95,3,2,2316,2025-06-19
2025-06-19 09:07:19.801785,49.85,1,49.8,4,49.95,4,2,2316,2025-06-19
2025-06-19 09:07:19.822577,49.8,4,49.6,3,49.95,4,2,2316,2025-06-19
2025-06-19 09:07:19.822577,49.75,3,49.6,3,49.95,4,2,2316,2025-06-19
2025-06-19 09:07:19.822577,49.7,3,49.6,3,49.95,4,2,2316,2025-06-19
2025-06-19 09:07:19.822577,49.65,2,49.6,3,49.95,4,2,2316,2025-06-19
2025-06-19 09:07:19.844615,49.6,1,49.6,2,49.95,3,2,2316,2025-06-19
2025-06-19 09:07:19.991908,49.65,1,49.65,1,49.9,6,2,2316,2025-06-19
2025-06-19 09:07:20.002317,49.65,1,49.65,2,49.9,6,2,2316,2025-06-19
2025-06-19 09:07:20.012000,49.6,1,49.6,2,49.9,6,2,2316,2025-06-19
2025-06-19 09:07:20.038932,49.6,1,49.6,1,49.85,1,2,2316,2025-06-19
2025-06-19 09:07:20.040933,49.6,1,49.55,4,49.85,1,2,2316,2025-06-19
2025-06-19 09:07:20.056560,49.55,1,49.55,3,49.85,3,2,2316,2025-06-19
2025-06-19 09:07:20.217157,49.6,2,49.55,3,49.8,4,1,2316,2025-06-19
2025-06-19 09:07:20.306552,49.8,4,49.6,2,49.85,3,1,2316,2025-06-19
2025-06-19 09:07:20.306552,49.85,1,49.6,2,49.85,3,1,2316,2025-06-19
2025-06-19 09:07:21.917084,49.8,1,49.65,1,49.8,1,1,2316,2025-06-19
2025-06-19 09:07:22.394316,49.7,1,49.7,1,49.8,1,2,2316,2025-06-19
2025-06-19 09:07:23.141994,49.8,1,49.7,2,49.85,2,1,2316,2025-06-19
2025-06-19 09:07:24.408041,49.85,1,49.75,3,49.9,2,1,2316,2025-06-19
2025-06-19 09:07:24.804217,49.9,1,49.8,2,49.95,3,1,2316,2025-06-19
2025-06-19 09:07:25.939482,49.85,2,49.8,6,49.95,3,2,2316,2025-06-19
2025-06-19 09:07:26.399347,49.85,2,49.8,3,49.95,3,2,2316,2025-06-19
2025-06-19 09:07:26.399347,49.8,3,49.8,3,49.95,3,2,2316,2025-06-19
2025-06-19 09:07:27.704801,49.9,1,49.85,3,49.95,4,2,2316,2025-06-19
2025-06-19 09:07:28.611139,49.85,1,49.85,2,49.95,4,2,2316,2025-06-19
2025-06-19 09:07:28.615001,49.85,2,49.6,14,49.95,4,2,2316,2025-06-19
2025-06-19 09:07:28.615001,49.8,3,49.6,14,49.95,4,2,2316,2025-06-19
2025-06-19 09:07:28.615001,49.75,4,49.6,14,49.95,4,2,2316,2025-06-19
2025-06-19 09:07:28.615001,49.7,2,49.6,14,49.95,4,2,2316,2025-06-19
2025-06-19 09:07:28.615001,49.65,3,49.6,14,49.95,4,2,2316,2025-06-19
2025-06-19 09:07:28.615001,49.6,1,49.6,14,49.95,4,2,2316,2025-06-19
2025-06-19 09:07:29.498001,49.8,1,49.8,2,49.9,3,2,2316,2025-06-19
2025-06-19 09:07:30.253872,49.8,1,49.8,1,49.85,2,2,2316,2025-06-19
2025-06-19 09:07:30.272963,49.8,1,49.6,14,49.85,2,2,2316,2025-06-19
2025-06-19 09:07:32.454978,49.8,1,49.75,1,49.8,1,1,2316,2025-06-19
2025-06-19 09:07:33.679908,49.8,1,49.8,3,49.85,1,2,2316,2025-06-19
2025-06-19 09:07:34.587508,49.8,1,49.8,2,49.85,1,2,2316,2025-06-19
2025-06-19 09:07:35.415947,49.85,1,49.8,2,49.85,1,1,2316,2025-06-19
2025-06-19 09:07:35.433818,49.85,1,49.8,2,49.9,1,1,2316,2025-06-19
2025-06-19 09:07:36.162811,49.85,1,49.8,2,49.95,4,2,2316,2025-06-19
2025-06-19 09:07:37.537758,49.8,1,49.8,2,49.9,1,2,2316,2025-06-19
2025-06-19 09:07:37.973921,49.8,1,49.8,3,49.9,2,2,2316,2025-06-19
2025-06-19 09:07:40.674838,49.9,1,49.9,6,49.95,5,2,2316,2025-06-19
2025-06-19 09:07:41.889764,49.9,1,49.9,5,49.95,5,2,2316,2025-06-19
2025-06-19 09:07:42.195136,49.95,1,49.9,5,49.95,4,1,2316,2025-06-19
2025-06-19 09:07:42.589839,49.9,1,49.9,4,49.95,4,2,2316,2025-06-19
2025-06-19 09:07:42.793270,49.9,4,49.8,9,49.95,4,2,2316,2025-06-19
2025-06-19 09:07:42.793270,49.8,1,49.8,9,49.95,4,2,2316,2025-06-19
2025-06-19 09:07:46.023463,49.8,1,49.8,7,49.9,3,2,2316,2025-06-19
2025-06-19 09:07:46.033431,49.8,5,49.8,2,49.9,3,2,2316,2025-06-19
2025-06-19 09:07:46.077953,49.8,2,49.75,5,49.9,5,2,2316,2025-06-19
2025-06-19 09:07:46.126272,49.85,1,49.75,5,49.85,2,1,2316,2025-06-19
2025-06-19 09:07:46.985159,49.9,2,49.75,5,49.9,2,1,2316,2025-06-19
2025-06-19 09:07:47.356342,49.85,1,49.8,1,49.9,3,2,2316,2025-06-19
2025-06-19 09:07:47.458899,49.8,1,49.75,5,49.8,2,2,2316,2025-06-19
2025-06-19 09:07:49.756105,49.8,1,49.75,5,49.8,3,1,2316,2025-06-19
2025-06-19 09:07:49.817314,49.8,1,49.75,5,49.8,2,1,2316,2025-06-19
2025-06-19 09:07:50.288856,49.8,2,49.75,5,49.9,3,1,2316,2025-06-19
2025-06-19 09:07:51.035863,49.8,1,49.75,5,49.9,3,2,2316,2025-06-19
2025-06-19 09:07:51.065949,49.75,2,49.75,3,49.9,3,2,2316,2025-06-19
2025-06-19 09:07:51.757348,49.85,2,49.75,3,49.95,2,1,2316,2025-06-19
2025-06-19 09:07:51.757348,49.9,1,49.75,3,49.95,2,1,2316,2025-06-19
2025-06-19 09:07:52.774604,49.8,1,49.8,1,49.9,3,2,2316,2025-06-19
2025-06-19 09:07:53.102291,49.8,2,49.75,4,49.9,3,2,2316,2025-06-19
2025-06-19 09:07:53.122699,49.75,4,49.7,2,49.85,1,2,2316,2025-06-19
2025-06-19 09:07:57.512223,49.75,1,49.7,2,49.75,1,1,2316,2025-06-19
2025-06-19 09:07:57.548359,49.75,1,49.7,2,49.85,2,1,2316,2025-06-19
2025-06-19 09:07:57.548443,49.7,2,49.65,8,49.85,2,2,2316,2025-06-19
2025-06-19 09:07:58.025606,49.75,1,49.65,8,49.8,3,2,2316,2025-06-19
2025-06-19 09:08:00.043233,49.7,11,49.65,9,49.8,2,2,2316,2025-06-19
2025-06-19 09:08:00.472323,49.65,2,49.65,7,49.7,1,2,2316,2025-06-19
2025-06-19 09:08:00.511705,49.65,2,49.65,5,49.7,3,2,2316,2025-06-19
2025-06-19 09:08:00.511995,49.65,5,49.6,19,49.7,3,2,2316,2025-06-19
2025-06-19 09:08:00.549093,49.65,1,49.6,19,49.65,2,1,2316,2025-06-19
2025-06-19 09:08:00.622509,49.6,19,49.6,19,49.65,4,2,2316,2025-06-19
2025-06-19 09:08:01.028532,49.6,1,49.55,20,49.6,2,1,2316,2025-06-19
2025-06-19 09:08:01.232967,49.6,1,49.55,20,49.6,1,1,2316,2025-06-19
2025-06-19 09:08:01.461733,49.55,1,49.55,19,49.6,3,2,2316,2025-06-19
2025-06-19 09:08:01.996642,49.55,9,49.55,9,49.6,2,2,2316,2025-06-19
2025-06-19 09:08:02.374860,49.55,1,49.5,19,49.55,3,1,2316,2025-06-19
2025-06-19 09:08:02.757631,49.5,1,49.5,18,49.55,3,2,2316,2025-06-19
2025-06-19 09:08:03.591186,49.5,2,49.5,16,49.55,4,2,2316,2025-06-19
2025-06-19 09:08:03.619646,49.5,2,49.5,14,49.55,4,2,2316,2025-06-19
2025-06-19 09:08:03.621100,49.5,1,49.5,14,49.55,3,2,2316,2025-06-19
2025-06-19 09:08:03.654371,49.5,1,49.5,12,49.55,3,2,2316,2025-06-19
2025-06-19 09:08:05.033051,49.5,6,49.5,7,49.55,2,2,2316,2025-06-19
2025-06-19 09:08:05.273117,49.55,2,49.5,7,49.55,1,1,2316,2025-06-19
2025-06-19 09:08:05.807167,49.5,1,49.5,7,49.6,2,2,2316,2025-06-19
2025-06-19 09:08:06.311514,49.5,5,49.5,3,49.55,3,2,2316,2025-06-19
2025-06-19 09:08:06.331308,49.5,2,49.5,1,49.55,3,2,2316,2025-06-19
2025-06-19 09:08:06.331318,49.5,1,49.45,2,49.55,3,2,2316,2025-06-19
2025-06-19 09:08:07.371830,49.5,1,49.45,2,49.55,2,2,2316,2025-06-19
2025-06-19 09:08:08.059102,49.5,1,49.45,2,49.5,4,1,2316,2025-06-19
2025-06-19 09:08:08.193573,49.5,2,49.45,2,49.5,2,1,2316,2025-06-19
2025-06-19 09:08:08.212295,49.5,1,49.45,2,49.5,1,1,2316,2025-06-19
2025-06-19 09:08:08.215095,49.45,1,49.45,1,49.5,1,2,2316,2025-06-19
2025-06-19 09:08:08.529755,49.5,1,49.45,1,49.5,1,1,2316,2025-06-19
2025-06-19 09:08:09.173299,49.5,2,49.5,1,49.55,2,1,2316,2025-06-19
2025-06-19 09:08:09.270127,49.5,1,49.5,1,49.55,2,2,2316,2025-06-19
2025-06-19 09:08:10.432190,49.55,2,49.5,3,49.6,2,1,2316,2025-06-19
2025-06-19 09:08:10.547645,49.5,3,49.45,4,49.5,7,2,2316,2025-06-19
2025-06-19 09:08:10.555059,49.5,1,49.45,4,49.5,6,1,2316,2025-06-19
2025-06-19 09:08:10.567688,49.5,1,49.45,4,49.5,5,1,2316,2025-06-19
2025-06-19 09:08:10.577825,49.5,4,49.45,4,49.5,1,1,2316,2025-06-19
2025-06-19 09:08:10.578332,49.5,1,49.45,4,49.6,1,1,2316,2025-06-19
2025-06-19 09:08:11.429611,49.5,5,49.45,4,49.5,10,2,2316,2025-06-19
2025-06-19 09:08:11.534147,49.45,3,49.4,5,49.5,10,2,2316,2025-06-19
2025-06-19 09:08:11.650901,49.45,1,49.4,5,49.5,10,1,2316,2025-06-19
2025-06-19 09:08:12.140456,49.45,1,49.4,5,49.5,10,2,2316,2025-06-19
2025-06-19 09:08:13.527504,49.45,1,49.4,5,49.5,4,1,2316,2025-06-19
2025-06-19 09:08:13.527504,49.5,14,49.4,5,49.5,4,1,2316,2025-06-19
2025-06-19 09:08:13.571972,49.45,1,49.4,6,49.5,4,1,2316,2025-06-19
2025-06-19 09:08:13.718975,49.5,1,49.45,1,49.5,3,1,2316,2025-06-19
2025-06-19 09:08:15.124125,49.4,1,49.4,4,49.5,6,2,2316,2025-06-19
2025-06-19 09:08:15.140241,49.4,1,49.4,3,49.5,6,2,2316,2025-06-19
2025-06-19 09:08:15.140250,49.4,1,49.4,2,49.5,6,2,2316,2025-06-19
2025-06-19 09:08:15.171721,49.4,2,49.35,1,49.5,6,2,2316,2025-06-19
2025-06-19 09:08:16.048017,49.45,1,49.35,1,49.45,2,1,2316,2025-06-19
2025-06-19 09:08:16.576583,49.35,1,49.3,1,49.4,2,2,2316,2025-06-19
2025-06-19 09:08:16.576583,49.3,3,49.3,1,49.4,2,2,2316,2025-06-19
2025-06-19 09:08:17.465756,49.4,4,49.3,1,49.45,1,1,2316,2025-06-19
2025-06-19 09:08:17.724048,49.4,2,49.4,1,49.45,5,1,2316,2025-06-19
2025-06-19 09:08:18.666621,49.4,1,49.3,2,49.45,1,2,2316,2025-06-19
2025-06-19 09:08:21.646226,49.4,2,49.35,2,49.4,1,2,2316,2025-06-19
2025-06-19 09:08:21.880267,49.4,1,49.35,2,49.45,3,1,2316,2025-06-19
2025-06-19 09:08:21.913162,49.4,1,49.4,1,49.45,2,2,2316,2025-06-19
2025-06-19 09:08:22.678520,49.45,1,49.35,22,49.45,1,1,2316,2025-06-19
2025-06-19 09:08:22.705160,49.45,1,49.4,1,49.5,6,1,2316,2025-06-19
2025-06-19 09:08:22.878865,49.5,1,49.4,1,49.5,7,1,2316,2025-06-19
2025-06-19 09:08:22.903817,49.5,4,49.4,1,49.5,2,1,2316,2025-06-19
2025-06-19 09:08:22.903836,49.5,2,49.4,1,49.55,5,1,2316,2025-06-19
2025-06-19 09:08:23.228821,49.45,1,49.45,1,49.55,4,2,2316,2025-06-19
2025-06-19 09:08:23.335299,49.45,2,49.35,18,49.55,4,2,2316,2025-06-19
2025-06-19 09:08:23.335299,49.4,4,49.35,18,49.55,4,2,2316,2025-06-19
2025-06-19 09:08:23.335299,49.35,4,49.35,18,49.55,4,2,2316,2025-06-19
2025-06-19 09:08:23.483097,49.5,1,49.35,17,49.55,4,2,2316,2025-06-19
2025-06-19 09:08:23.483097,49.35,1,49.35,17,49.55,4,2,2316,2025-06-19
2025-06-19 09:08:25.144229,49.55,1,49.45,1,49.55,4,1,2316,2025-06-19
2025-06-19 09:08:25.264088,49.55,1,49.45,11,49.55,3,1,2316,2025-06-19
2025-06-19 09:08:25.293945,49.55,2,49.45,11,49.55,1,1,2316,2025-06-19
2025-06-19 09:08:25.293982,49.55,1,49.45,11,49.6,2,1,2316,2025-06-19
2025-06-19 09:08:25.928133,49.5,1,49.45,11,49.6,2,2,2316,2025-06-19
2025-06-19 09:08:25.996272,49.6,1,49.5,1,49.6,1,1,2316,2025-06-19
2025-06-19 09:08:25.996307,49.6,1,49.5,1,49.65,3,1,2316,2025-06-19
2025-06-19 09:08:26.243537,49.65,1,49.55,1,49.65,2,1,2316,2025-06-19
2025-06-19 09:08:26.282960,49.65,1,49.55,1,49.65,1,1,2316,2025-06-19
2025-06-19 09:08:26.283015,49.65,1,49.55,1,49.7,1,1,2316,2025-06-19
2025-06-19 09:08:27.020575,49.65,1,49.55,1,49.65,1,1,2316,2025-06-19
2025-06-19 09:08:27.952984,49.65,1,49.55,3,49.7,1,1,2316,2025-06-19
2025-06-19 09:08:28.523326,49.55,1,49.55,2,49.7,1,2,2316,2025-06-19
2025-06-19 09:08:28.905986,49.55,1,49.55,1,49.7,1,2,2316,2025-06-19
2025-06-19 09:08:29.456451,49.65,1,49.6,1,49.75,2,1,2316,2025-06-19
2025-06-19 09:08:29.456451,49.7,1,49.6,1,49.75,2,1,2316,2025-06-19
2025-06-19 09:08:30.075205,49.75,1,49.6,1,49.75,1,1,2316,2025-06-19
2025-06-19 09:08:32.507540,49.75,1,49.65,2,49.75,2,1,2316,2025-06-19
2025-06-19 09:08:32.543815,49.75,1,49.65,2,49.75,1,1,2316,2025-06-19
2025-06-19 09:08:32.543857,49.75,1,49.65,2,49.8,1,1,2316,2025-06-19
2025-06-19 09:08:33.236504,49.75,1,49.65,2,49.75,1,1,2316,2025-06-19
2025-06-19 09:08:33.887313,49.75,1,49.7,1,49.8,3,1,2316,2025-06-19
2025-06-19 09:08:34.404532,49.7,1,49.6,5,49.8,1,2,2316,2025-06-19
2025-06-19 09:08:34.404532,49.65,2,49.6,5,49.8,1,2,2316,2025-06-19
2025-06-19 09:08:35.545718,49.8,1,49.8,1,49.85,5,1,2316,2025-06-19
2025-06-19 09:08:36.417814,49.8,1,49.75,11,49.85,5,2,2316,2025-06-19
2025-06-19 09:08:38.313817,49.85,2,49.8,1,49.85,3,1,2316,2025-06-19
2025-06-19 09:08:38.329445,49.8,1,49.75,12,49.85,3,2,2316,2025-06-19
2025-06-19 09:08:38.638790,49.85,1,49.75,12,49.85,2,1,2316,2025-06-19
2025-06-19 09:08:38.769664,49.85,1,49.8,1,49.85,1,1,2316,2025-06-19
2025-06-19 09:08:38.769729,49.85,1,49.8,1,49.9,1,1,2316,2025-06-19
2025-06-19 09:08:40.068374,49.9,1,49.8,1,49.95,1,1,2316,2025-06-19
2025-06-19 09:08:40.068374,49.95,1,49.8,1,49.95,1,1,2316,2025-06-19
2025-06-19 09:08:40.231920,49.85,1,49.8,1,49.95,3,1,2316,2025-06-19
2025-06-19 09:08:41.364523,49.85,1,49.8,2,49.9,1,2,2316,2025-06-19
2025-06-19 09:08:42.395942,49.9,2,49.8,3,49.9,1,1,2316,2025-06-19
2025-06-19 09:08:42.585596,49.8,2,49.8,1,49.95,3,2,2316,2025-06-19
2025-06-19 09:08:43.033838,49.85,1,49.8,1,49.95,3,2,2316,2025-06-19
2025-06-19 09:08:43.282091,49.95,2,49.8,2,49.95,1,1,2316,2025-06-19
2025-06-19 09:08:44.772513,49.85,6,49.8,2,49.95,2,2,2316,2025-06-19
2025-06-19 09:08:49.114866,49.85,2,49.85,2,49.9,4,2,2316,2025-06-19
2025-06-19 09:08:49.147051,49.8,10,49.75,16,49.9,4,2,2316,2025-06-19
2025-06-19 09:08:49.192278,49.75,16,49.7,8,49.85,3,2,2316,2025-06-19
2025-06-19 09:08:49.224944,49.7,8,49.65,12,49.85,3,2,2316,2025-06-19
2025-06-19 09:08:49.797062,49.65,2,49.65,10,49.75,1,2,2316,2025-06-19
2025-06-19 09:08:50.045338,49.75,1,49.65,10,49.75,1,1,2316,2025-06-19
2025-06-19 09:08:50.519423,49.7,1,49.65,10,49.7,1,1,2316,2025-06-19
2025-06-19 09:08:51.466681,49.75,1,49.65,10,49.75,3,1,2316,2025-06-19
2025-06-19 09:08:52.009936,49.75,1,49.65,10,49.75,4,1,2316,2025-06-19
2025-06-19 09:08:52.087467,49.75,1,49.65,10,49.75,3,1,2316,2025-06-19
2025-06-19 09:08:52.485746,49.75,1,49.65,10,49.75,2,1,2316,2025-06-19
2025-06-19 09:08:52.727830,49.75,1,49.65,10,49.75,2,1,2316,2025-06-19
2025-06-19 09:08:53.292636,49.75,3,49.65,10,49.8,4,1,2316,2025-06-19
2025-06-19 09:08:56.120680,49.7,1,49.65,10,49.75,1,2,2316,2025-06-19
2025-06-19 09:08:56.155389,49.65,10,49.6,8,49.75,2,2,2316,2025-06-19
2025-06-19 09:08:56.645791,49.7,2,49.6,8,49.7,2,1,2316,2025-06-19
2025-06-19 09:08:57.487106,49.7,1,49.6,8,49.7,2,1,2316,2025-06-19
2025-06-19 09:08:57.525510,49.65,2,49.6,8,49.7,2,2,2316,2025-06-19
2025-06-19 09:08:57.989299,49.65,1,49.6,7,49.7,3,2,2316,2025-06-19
2025-06-19 09:08:58.018884,49.6,5,49.6,2,49.7,3,2,2316,2025-06-19
2025-06-19 09:08:58.058003,49.6,2,49.55,3,49.7,3,2,2316,2025-06-19
2025-06-19 09:08:58.215905,49.65,5,49.55,3,49.75,1,1,2316,2025-06-19
2025-06-19 09:08:58.215905,49.7,3,49.55,3,49.75,1,1,2316,2025-06-19
2025-06-19 09:08:58.215905,49.75,2,49.55,3,49.75,1,1,2316,2025-06-19
2025-06-19 09:09:00.265790,49.65,1,49.55,3,49.7,4,2,2316,2025-06-19
2025-06-19 09:09:01.391783,49.7,1,49.6,1,49.7,2,1,2316,2025-06-19
2025-06-19 09:09:01.911940,49.7,1,49.6,1,49.7,1,1,2316,2025-06-19
2025-06-19 09:09:02.464883,49.7,1,49.7,5,49.75,4,1,2316,2025-06-19
2025-06-19 09:09:03.439548,49.7,1,49.7,4,49.75,1,2,2316,2025-06-19
2025-06-19 09:09:04.390267,49.75,1,49.7,4,49.75,1,1,2316,2025-06-19
2025-06-19 09:09:07.178986,49.7,4,49.7,3,49.8,2,2,2316,2025-06-19
2025-06-19 09:09:07.560843,49.7,3,49.65,4,49.7,1,2,2316,2025-06-19
2025-06-19 09:09:07.584076,49.7,1,49.65,4,49.8,2,1,2316,2025-06-19
2025-06-19 09:09:08.689632,49.8,1,49.75,20,49.8,2,1,2316,2025-06-19
2025-06-19 09:09:10.948366,49.8,1,49.75,24,49.85,3,1,2316,2025-06-19
2025-06-19 09:09:11.521475,49.8,1,49.8,2,49.85,3,2,2316,2025-06-19
2025-06-19 09:09:11.546412,49.8,2,49.75,24,49.85,3,2,2316,2025-06-19
2025-06-19 09:09:11.983051,49.8,2,49.8,4,49.85,3,2,2316,2025-06-19
2025-06-19 09:09:13.291014,49.85,2,49.8,2,49.85,1,1,2316,2025-06-19
2025-06-19 09:09:13.811715,49.8,1,49.8,1,49.85,1,2,2316,2025-06-19
2025-06-19 09:09:13.890035,49.8,1,49.75,27,49.85,1,2,2316,2025-06-19
2025-06-19 09:09:16.170920,49.85,1,49.8,7,49.85,2,1,2316,2025-06-19
2025-06-19 09:09:18.186896,49.8,1,49.8,11,49.85,3,2,2316,2025-06-19
2025-06-19 09:09:18.213688,49.8,11,49.75,28,49.85,3,2,2316,2025-06-19
2025-06-19 09:09:18.401902,49.8,1,49.75,28,49.85,3,2,2316,2025-06-19
2025-06-19 09:09:18.405820,49.8,1,49.8,4,49.85,3,1,2316,2025-06-19
2025-06-19 09:09:18.436621,49.8,1,49.8,3,49.85,3,2,2316,2025-06-19
2025-06-19 09:09:18.848131,49.85,1,49.8,3,49.9,6,1,2316,2025-06-19
2025-06-19 09:09:20.424464,49.9,1,49.85,2,49.9,6,1,2316,2025-06-19
2025-06-19 09:09:21.656004,49.9,6,49.85,8,50.0,5,1,2316,2025-06-19
2025-06-19 09:09:21.656004,49.95,8,49.85,8,50.0,5,1,2316,2025-06-19
2025-06-19 09:09:21.656004,50.0,6,49.85,8,50.0,5,1,2316,2025-06-19
2025-06-19 09:09:21.684997,50.0,5,49.85,9,50.1,3,1,2316,2025-06-19
2025-06-19 09:09:21.717624,50.1,1,49.9,1,50.1,2,1,2316,2025-06-19
2025-06-19 09:09:21.983451,49.9,3,49.85,9,50.1,2,2,2316,2025-06-19
2025-06-19 09:09:23.220762,49.9,4,49.85,10,50.1,2,2,2316,2025-06-19
2025-06-19 09:09:24.161528,50.0,1,49.85,10,50.1,2,1,2316,2025-06-19
2025-06-19 09:09:28.791039,49.9,7,49.85,7,49.95,5,2,2316,2025-06-19
2025-06-19 09:09:28.791039,49.85,3,49.85,7,49.95,5,2,2316,2025-06-19
2025-06-19 09:09:28.815951,49.85,1,49.85,6,49.95,5,2,2316,2025-06-19
2025-06-19 09:09:28.847459,49.85,6,49.8,9,49.9,2,2,2316,2025-06-19
2025-06-19 09:09:29.798843,49.85,1,49.8,8,49.85,2,1,2316,2025-06-19
2025-06-19 09:09:29.838186,49.8,4,49.8,4,49.85,2,2,2316,2025-06-19
2025-06-19 09:09:29.878776,49.8,2,49.8,2,49.85,2,2,2316,2025-06-19
2025-06-19 09:09:29.878830,49.8,2,49.75,30,49.85,2,2,2316,2025-06-19
2025-06-19 09:09:30.290319,49.8,2,49.75,30,49.8,4,1,2316,2025-06-19
2025-06-19 09:09:30.329982,49.8,1,49.75,30,49.8,3,1,2316,2025-06-19
2025-06-19 09:09:30.940669,49.8,1,49.75,30,49.8,3,1,2316,2025-06-19
2025-06-19 09:09:31.464436,49.8,2,49.75,30,49.8,1,1,2316,2025-06-19
2025-06-19 09:09:31.491833,49.75,1,49.75,29,49.8,1,2,2316,2025-06-19
2025-06-19 09:09:31.867286,49.75,2,49.75,27,49.8,1,2,2316,2025-06-19
2025-06-19 09:09:31.906421,49.75,2,49.75,25,49.8,1,2,2316,2025-06-19
2025-06-19 09:09:32.171044,49.8,1,49.75,25,49.8,1,1,2316,2025-06-19
2025-06-19 09:09:33.609325,49.8,1,49.75,25,49.8,2,1,2316,2025-06-19
2025-06-19 09:09:33.664477,49.75,3,49.75,22,49.8,2,2,2316,2025-06-19
2025-06-19 09:09:33.738330,49.8,1,49.75,22,49.8,4,1,2316,2025-06-19
2025-06-19 09:09:33.740449,49.8,1,49.75,22,49.8,5,1,2316,2025-06-19
2025-06-19 09:09:36.141555,49.8,1,49.75,37,49.85,2,2,2316,2025-06-19
2025-06-19 09:09:36.306110,49.75,2,49.75,35,49.8,4,2,2316,2025-06-19
2025-06-19 09:09:36.855418,49.8,1,49.75,36,49.8,3,1,2316,2025-06-19
2025-06-19 09:09:38.226232,49.8,3,49.75,36,49.85,2,1,2316,2025-06-19
2025-06-19 09:09:38.958759,49.8,1,49.75,36,49.85,2,2,2316,2025-06-19
2025-06-19 09:09:39.429422,49.85,4,49.75,37,49.9,1,1,2316,2025-06-19
2025-06-19 09:09:39.429422,49.9,1,49.75,37,49.9,1,1,2316,2025-06-19
2025-06-19 09:09:44.433352,49.9,1,49.8,11,49.9,5,1,2316,2025-06-19
2025-06-19 09:09:46.243054,49.8,16,49.8,16,49.9,7,2,2316,2025-06-19
2025-06-19 09:09:46.998680,49.75,3,49.75,42,49.8,3,2,2316,2025-06-19
2025-06-19 09:09:47.037281,49.75,39,49.7,11,49.8,3,2,2316,2025-06-19
2025-06-19 09:09:47.070048,49.7,8,49.7,3,49.75,2,2,2316,2025-06-19
2025-06-19 09:09:47.070058,49.7,3,49.65,4,49.75,2,2,2316,2025-06-19
2025-06-19 09:09:47.106655,49.65,4,49.6,8,49.7,1,2,2316,2025-06-19
2025-06-19 09:09:47.682805,49.6,1,49.6,7,49.65,4,2,2316,2025-06-19
2025-06-19 09:09:47.724798,49.6,2,49.6,5,49.65,4,2,2316,2025-06-19
2025-06-19 09:09:48.080355,49.65,1,49.6,5,49.65,3,1,2316,2025-06-19
2025-06-19 09:09:49.937807,49.6,5,49.55,3,49.65,3,2,2316,2025-06-19
2025-06-19 09:09:49.937807,49.55,1,49.55,3,49.65,3,2,2316,2025-06-19
2025-06-19 09:09:50.264388,49.65,1,49.55,3,49.65,3,1,2316,2025-06-19
2025-06-19 09:09:52.517663,49.65,1,49.55,3,49.7,1,1,2316,2025-06-19
2025-06-19 09:09:52.517663,49.7,1,49.55,3,49.7,1,1,2316,2025-06-19
2025-06-19 09:09:55.695917,49.7,1,49.6,1,49.7,2,1,2316,2025-06-19
2025-06-19 09:09:55.720223,49.6,1,49.45,29,49.5,2,2,2316,2025-06-19
2025-06-19 09:09:55.720223,49.55,3,49.45,29,49.5,2,2,2316,2025-06-19
2025-06-19 09:09:55.720223,49.5,13,49.45,29,49.5,2,2,2316,2025-06-19
2025-06-19 09:09:55.720847,49.5,1,49.45,29,49.5,1,1,2316,2025-06-19
2025-06-19 09:09:55.754561,49.5,1,49.45,29,49.65,1,1,2316,2025-06-19
2025-06-19 09:09:55.757201,49.45,1,49.45,28,49.65,1,2,2316,2025-06-19
2025-06-19 09:09:55.763527,49.45,1,49.45,28,49.65,1,2,2316,2025-06-19
2025-06-19 09:09:55.774403,49.45,1,49.45,26,49.65,1,2,2316,2025-06-19
2025-06-19 09:09:55.840392,49.45,1,49.45,26,49.6,3,2,2316,2025-06-19
2025-06-19 09:09:56.606227,49.6,1,49.45,25,49.6,2,1,2316,2025-06-19
2025-06-19 09:09:57.583655,49.6,1,49.45,25,49.6,2,1,2316,2025-06-19
2025-06-19 09:10:00.234286,49.6,2,49.55,10,49.6,4,1,2316,2025-06-19
2025-06-19 09:10:00.382370,49.6,1,49.55,10,49.6,3,1,2316,2025-06-19
2025-06-19 09:10:00.916287,49.6,2,49.55,10,49.6,11,1,2316,2025-06-19
2025-06-19 09:10:02.068563,49.55,2,49.55,8,49.6,11,2,2316,2025-06-19
2025-06-19 09:10:03.537377,49.6,1,49.55,8,49.6,11,1,2316,2025-06-19
2025-06-19 09:10:03.773733,49.6,3,49.55,8,49.6,8,1,2316,2025-06-19
2025-06-19 09:10:04.071903,49.6,1,49.55,8,49.6,7,1,2316,2025-06-19
2025-06-19 09:10:04.107572,49.55,5,49.55,3,49.6,7,2,2316,2025-06-19
2025-06-19 09:10:04.139535,49.55,1,49.55,2,49.6,7,2,2316,2025-06-19
2025-06-19 09:10:04.900685,49.55,1,49.55,2,49.6,7,2,2316,2025-06-19
2025-06-19 09:10:06.512478,49.55,1,49.55,1,49.6,7,2,2316,2025-06-19
2025-06-19 09:10:07.593123,49.55,1,49.55,1,49.6,7,2,2316,2025-06-19
2025-06-19 09:10:07.846722,49.55,1,49.5,32,49.6,7,2,2316,2025-06-19
2025-06-19 09:10:10.667414,49.6,2,49.5,32,49.6,5,1,2316,2025-06-19
2025-06-19 09:10:11.317300,49.55,1,49.5,37,49.6,5,2,2316,2025-06-19
2025-06-19 09:10:11.920536,49.6,2,49.5,37,49.6,3,1,2316,2025-06-19
2025-06-19 09:10:12.129545,49.55,2,49.5,37,49.6,3,1,2316,2025-06-19
2025-06-19 09:10:12.130138,49.5,4,49.5,33,49.6,3,2,2316,2025-06-19
2025-06-19 09:10:12.469017,49.55,1,49.5,33,49.6,3,2,2316,2025-06-19
2025-06-19 09:10:15.606564,49.6,2,49.5,35,49.6,3,1,2316,2025-06-19
2025-06-19 09:10:16.504028,49.6,1,49.5,35,49.6,2,1,2316,2025-06-19
2025-06-19 09:10:19.731038,49.55,1,49.55,1,49.65,2,2,2316,2025-06-19
2025-06-19 09:10:19.764451,49.55,1,49.5,36,49.65,2,2,2316,2025-06-19
2025-06-19 09:10:20.861561,49.55,1,49.5,36,49.55,2,1,2316,2025-06-19
2025-06-19 09:10:22.332419,49.5,1,49.5,35,49.65,2,2,2316,2025-06-19
2025-06-19 09:10:23.136352,49.5,15,49.5,20,49.65,3,2,2316,2025-06-19
2025-06-19 09:10:23.159065,49.5,1,49.5,19,49.65,3,2,2316,2025-06-19
2025-06-19 09:10:23.159166,49.5,17,49.5,2,49.65,3,2,2316,2025-06-19
2025-06-19 09:10:23.183861,49.5,2,49.45,28,49.6,3,2,2316,2025-06-19
2025-06-19 09:10:23.612859,49.45,3,49.45,25,49.5,4,2,2316,2025-06-19
2025-06-19 09:10:23.628464,49.45,2,49.45,23,49.5,4,2,2316,2025-06-19
2025-06-19 09:10:23.638253,49.45,2,49.45,21,49.5,4,2,2316,2025-06-19
2025-06-19 09:10:23.659725,49.45,1,49.45,20,49.5,4,2,2316,2025-06-19
2025-06-19 09:10:23.659832,49.45,16,49.45,4,49.5,4,2,2316,2025-06-19
2025-06-19 09:10:23.683331,49.45,1,49.45,3,49.5,4,2,2316,2025-06-19
2025-06-19 09:10:23.683357,49.45,2,49.45,1,49.5,4,2,2316,2025-06-19
2025-06-19 09:10:23.683422,49.45,1,49.4,11,49.5,4,2,2316,2025-06-19
2025-06-19 09:10:33.438147,49.4,1,49.4,8,49.45,5,2,2316,2025-06-19
2025-06-19 09:10:33.502620,49.45,2,49.4,8,49.45,5,1,2316,2025-06-19
2025-06-19 09:10:34.290662,49.45,1,49.4,8,49.45,2,1,2316,2025-06-19
2025-06-19 09:10:35.007636,49.4,2,49.4,6,49.45,6,2,2316,2025-06-19
2025-06-19 09:10:35.656018,49.4,1,49.4,5,49.45,6,2,2316,2025-06-19
2025-06-19 09:10:35.686407,49.4,5,49.35,17,49.45,6,2,2316,2025-06-19
2025-06-19 09:10:35.903464,49.45,3,49.35,17,49.45,4,1,2316,2025-06-19
2025-06-19 09:10:36.734517,49.45,1,49.35,7,49.45,2,1,2316,2025-06-19
2025-06-19 09:10:36.928661,49.45,2,49.35,7,49.5,4,1,2316,2025-06-19
2025-06-19 09:10:42.483155,49.4,1,49.35,7,49.45,1,1,2316,2025-06-19
2025-06-19 09:10:45.603638,49.45,1,49.4,4,49.5,4,1,2316,2025-06-19
2025-06-19 09:10:46.438183,49.4,1,49.4,4,49.45,1,2,2316,2025-06-19
2025-06-19 09:10:49.069645,49.45,1,49.4,8,49.45,2,1,2316,2025-06-19
2025-06-19 09:10:49.161794,49.45,1,49.4,8,49.45,1,1,2316,2025-06-19
2025-06-19 09:10:49.333090,49.45,1,49.4,8,49.5,4,1,2316,2025-06-19
2025-06-19 09:10:49.597638,49.4,2,49.4,6,49.45,16,2,2316,2025-06-19
2025-06-19 09:10:49.617685,49.4,6,49.35,7,49.45,16,2,2316,2025-06-19
2025-06-19 09:10:50.248850,49.4,1,49.35,7,49.4,2,1,2316,2025-06-19
2025-06-19 09:10:50.703957,49.35,7,49.3,8,49.4,2,2,2316,2025-06-19
2025-06-19 09:10:52.444368,49.3,1,49.3,7,49.35,4,2,2316,2025-06-19
2025-06-19 09:10:52.465330,49.3,2,49.3,5,49.35,4,2,2316,2025-06-19
2025-06-19 09:10:52.473833,49.3,5,49.25,9,49.35,4,2,2316,2025-06-19
2025-06-19 09:10:52.597389,49.3,1,49.25,9,49.3,4,1,2316,2025-06-19
2025-06-19 09:10:53.060242,49.25,8,49.2,15,49.3,4,2,2316,2025-06-19
2025-06-19 09:10:53.060242,49.2,2,49.2,15,49.3,4,2,2316,2025-06-19
2025-06-19 09:10:53.089767,49.2,1,49.2,14,49.3,4,2,2316,2025-06-19
2025-06-19 09:10:53.090243,49.2,1,49.2,13,49.25,1,2,2316,2025-06-19
2025-06-19 09:10:53.354230,49.2,2,49.2,11,49.25,1,2,2316,2025-06-19
2025-06-19 09:10:53.445856,49.2,1,49.2,10,49.25,1,2,2316,2025-06-19
2025-06-19 09:10:57.033941,49.2,1,49.2,8,49.25,2,2,2316,2025-06-19
2025-06-19 09:10:59.143231,49.2,1,49.2,9,49.25,2,2,2316,2025-06-19
2025-06-19 09:11:00.448023,49.2,1,49.2,9,49.25,2,2,2316,2025-06-19
2025-06-19 09:11:00.600657,49.25,1,49.2,9,49.25,2,1,2316,2025-06-19
2025-06-19 09:11:01.389204,49.2,4,49.2,5,49.25,3,2,2316,2025-06-19
2025-06-19 09:11:01.593753,49.25,1,49.2,5,49.25,2,1,2316,2025-06-19
2025-06-19 09:11:03.194904,49.25,1,49.2,15,49.25,1,1,2316,2025-06-19
2025-06-19 09:11:03.223373,49.25,1,49.2,15,49.3,4,1,2316,2025-06-19
2025-06-19 09:11:04.515712,49.25,2,49.2,15,49.25,1,1,2316,2025-06-19
2025-06-19 09:11:04.515828,49.25,1,49.2,15,49.3,4,1,2316,2025-06-19
2025-06-19 09:11:05.583177,49.25,1,49.25,2,49.3,4,2,2316,2025-06-19
2025-06-19 09:11:05.852972,49.25,2,49.2,15,49.25,2,2,2316,2025-06-19
2025-06-19 09:11:07.737008,49.25,1,49.2,16,49.25,2,1,2316,2025-06-19
2025-06-19 09:11:08.028988,49.25,1,49.2,16,49.25,1,1,2316,2025-06-19
2025-06-19 09:11:08.525102,49.25,1,49.2,16,49.3,4,1,2316,2025-06-19
2025-06-19 09:11:09.281460,49.3,1,49.2,16,49.3,3,1,2316,2025-06-19
2025-06-19 09:11:10.571948,49.25,1,49.25,2,49.3,3,2,2316,2025-06-19
2025-06-19 09:11:13.069849,49.3,1,49.25,2,49.3,2,1,2316,2025-06-19
2025-06-19 09:11:13.103896,49.3,1,49.25,3,49.3,1,1,2316,2025-06-19
2025-06-19 09:11:13.135787,49.3,1,49.25,3,49.35,1,1,2316,2025-06-19
2025-06-19 09:11:15.501431,49.25,2,49.25,5,49.3,3,2,2316,2025-06-19
2025-06-19 09:11:15.613966,49.25,3,49.2,18,49.3,5,2,2316,2025-06-19
2025-06-19 09:11:15.891992,49.3,1,49.2,18,49.3,4,1,2316,2025-06-19
2025-06-19 09:11:16.980067,49.25,1,49.2,18,49.25,1,2,2316,2025-06-19
2025-06-19 09:11:17.703118,49.2,3,49.2,15,49.25,2,2,2316,2025-06-19
2025-06-19 09:11:17.736898,49.2,2,49.2,13,49.25,3,2,2316,2025-06-19
2025-06-19 09:11:17.766255,49.2,1,49.2,12,49.25,5,2,2316,2025-06-19
2025-06-19 09:11:17.766441,49.2,2,49.2,10,49.25,5,2,2316,2025-06-19
2025-06-19 09:11:17.806922,49.2,2,49.2,8,49.25,3,2,2316,2025-06-19
2025-06-19 09:11:17.833906,49.2,1,49.2,7,49.25,5,2,2316,2025-06-19
2025-06-19 09:11:20.971399,49.25,1,49.2,7,49.25,2,1,2316,2025-06-19
2025-06-19 09:11:22.694995,49.2,1,49.2,5,49.25,1,2,2316,2025-06-19
2025-06-19 09:11:22.844819,49.2,2,49.2,3,49.25,2,2,2316,2025-06-19
2025-06-19 09:11:25.054730,49.2,1,49.2,2,49.25,4,2,2316,2025-06-19
2025-06-19 09:11:25.088172,49.2,2,49.15,2,49.25,4,2,2316,2025-06-19
2025-06-19 09:11:29.235712,49.2,1,49.15,2,49.2,9,1,2316,2025-06-19
2025-06-19 09:11:30.276455,49.2,2,49.15,2,49.2,7,1,2316,2025-06-19
2025-06-19 09:11:33.162084,49.2,3,49.15,2,49.2,6,1,2316,2025-06-19
2025-06-19 09:11:33.301952,49.15,1,49.15,2,49.2,6,2,2316,2025-06-19
2025-06-19 09:11:33.341908,49.15,1,49.1,4,49.2,6,2,2316,2025-06-19
2025-06-19 09:11:33.341908,49.1,1,49.1,4,49.2,6,2,2316,2025-06-19
2025-06-19 09:11:33.346459,49.1,1,49.1,3,49.2,6,2,2316,2025-06-19
2025-06-19 09:11:34.432280,49.2,1,49.1,3,49.2,3,1,2316,2025-06-19
2025-06-19 09:11:37.429111,49.1,1,49.1,2,49.15,2,2,2316,2025-06-19
2025-06-19 09:11:40.808628,49.1,1,49.1,2,49.15,2,2,2316,2025-06-19
2025-06-19 09:11:40.873609,49.1,1,49.1,2,49.15,4,2,2316,2025-06-19
2025-06-19 09:11:40.896538,49.1,1,49.05,14,49.15,4,2,2316,2025-06-19
2025-06-19 09:11:40.937913,49.1,1,49.05,14,49.15,4,2,2316,2025-06-19
2025-06-19 09:11:41.248931,49.1,1,49.1,1,49.15,2,2,2316,2025-06-19
2025-06-19 09:11:41.334916,49.1,1,49.05,14,49.1,1,1,2316,2025-06-19
2025-06-19 09:11:43.698756,49.1,1,49.1,2,49.2,18,2,2316,2025-06-19
2025-06-19 09:11:45.838278,49.15,1,49.1,2,49.15,2,1,2316,2025-06-19
2025-06-19 09:11:47.337564,49.1,2,49.1,1,49.15,2,2,2316,2025-06-19
2025-06-19 09:11:51.065286,49.15,10,49.1,1,49.15,7,1,2316,2025-06-19
2025-06-19 09:11:51.098411,49.1,1,49.1,1,49.15,7,2,2316,2025-06-19
2025-06-19 09:11:51.800205,49.1,2,49.05,11,49.15,7,1,2316,2025-06-19
2025-06-19 09:11:51.856355,49.15,1,49.1,1,49.15,6,1,2316,2025-06-19
2025-06-19 09:11:56.032673,49.1,1,49.05,10,49.1,2,2,2316,2025-06-19
2025-06-19 09:11:59.298182,49.05,5,49.05,6,49.1,2,2,2316,2025-06-19
2025-06-19 09:11:59.368001,49.05,2,49.05,6,49.1,3,2,2316,2025-06-19
2025-06-19 09:11:59.397234,49.05,1,49.05,3,49.1,3,2,2316,2025-06-19
2025-06-19 09:11:59.437830,49.05,3,49.0,35,49.1,4,2,2316,2025-06-19
2025-06-19 09:11:59.508461,49.0,2,49.0,35,49.1,4,2,2316,2025-06-19
2025-06-19 09:11:59.529827,49.0,2,49.0,31,49.05,1,2,2316,2025-06-19
2025-06-19 09:11:59.551809,49.0,2,49.0,29,49.1,4,2,2316,2025-06-19
2025-06-19 09:11:59.551820,49.0,1,49.0,28,49.1,4,2,2316,2025-06-19
2025-06-19 09:11:59.553628,49.0,1,49.0,27,49.05,2,2,2316,2025-06-19
2025-06-19 09:11:59.850246,49.05,1,49.0,27,49.15,3,1,2316,2025-06-19
2025-06-19 09:11:59.850246,49.1,4,49.0,27,49.15,3,1,2316,2025-06-19
2025-06-19 09:11:59.850246,49.15,5,49.0,27,49.15,3,1,2316,2025-06-19
2025-06-19 09:12:01.326389,49.1,1,49.0,17,49.15,7,2,2316,2025-06-19
2025-06-19 09:12:01.326389,49.0,9,49.0,17,49.15,7,2,2316,2025-06-19
2025-06-19 09:12:01.552986,49.1,1,49.05,15,49.15,7,1,2316,2025-06-19
2025-06-19 09:12:02.028511,49.05,4,49.05,11,49.15,7,2,2316,2025-06-19
2025-06-19 09:12:04.206220,49.1,1,49.05,12,49.15,9,2,2316,2025-06-19
2025-06-19 09:12:04.582843,49.05,3,49.05,10,49.15,9,2,2316,2025-06-19
2025-06-19 09:12:05.354918,49.1,1,49.05,10,49.15,9,2,2316,2025-06-19
2025-06-19 09:12:07.524096,49.15,1,49.05,16,49.15,9,1,2316,2025-06-19
2025-06-19 09:12:07.532232,49.05,3,49.05,13,49.15,9,2,2316,2025-06-19
2025-06-19 09:12:10.826128,49.1,1,49.05,10,49.15,9,2,2316,2025-06-19
2025-06-19 09:12:10.826128,49.05,4,49.05,10,49.15,9,2,2316,2025-06-19
2025-06-19 09:12:11.518157,49.05,10,49.0,17,49.15,13,2,2316,2025-06-19
2025-06-19 09:12:11.548200,49.0,17,48.95,1,49.15,13,2,2316,2025-06-19
2025-06-19 09:12:11.693712,48.95,1,48.9,10,49.1,11,2,2316,2025-06-19
2025-06-19 09:12:11.700330,48.9,1,48.9,9,49.1,11,2,2316,2025-06-19
2025-06-19 09:12:11.732211,48.9,1,48.9,8,49.1,11,2,2316,2025-06-19
2025-06-19 09:12:11.972010,49.05,1,48.9,8,49.1,13,2,2316,2025-06-19
2025-06-19 09:12:13.563562,48.9,1,48.9,7,49.05,5,2,2316,2025-06-19
2025-06-19 09:12:13.900991,49.0,1,48.9,7,49.0,1,1,2316,2025-06-19
2025-06-19 09:12:14.946158,48.9,5,48.9,2,49.05,14,2,2316,2025-06-19
2025-06-19 09:12:15.080933,48.9,2,48.85,2,49.0,2,2,2316,2025-06-19
2025-06-19 09:12:15.975190,49.0,1,49.0,4,49.05,14,1,2316,2025-06-19
2025-06-19 09:12:16.007597,49.0,1,49.0,3,49.05,14,2,2316,2025-06-19
2025-06-19 09:12:16.007659,49.0,3,48.85,2,49.05,14,2,2316,2025-06-19
2025-06-19 09:12:18.217138,48.9,3,49.0,2,49.05,17,1,2316,2025-06-19
2025-06-19 09:12:18.239911,49.0,1,49.0,1,49.05,17,2,2316,2025-06-19
2025-06-19 09:12:18.240170,49.0,1,48.85,2,49.05,17,2,2316,2025-06-19
2025-06-19 09:12:19.312382,49.05,1,48.9,1,49.05,18,1,2316,2025-06-19
2025-06-19 09:12:21.923471,48.9,1,48.85,3,48.9,3,2,2316,2025-06-19
2025-06-19 09:12:21.974114,48.85,1,48.85,3,48.9,4,2,2316,2025-06-19
2025-06-19 09:12:22.031267,48.9,1,48.85,2,48.9,3,1,2316,2025-06-19
2025-06-19 09:12:22.526999,48.9,1,48.85,2,48.9,2,1,2316,2025-06-19
2025-06-19 09:12:26.675288,48.9,1,48.85,2,48.9,3,1,2316,2025-06-19
2025-06-19 09:12:29.332113,48.85,5,48.8,3,48.9,4,2,2316,2025-06-19
2025-06-19 09:12:30.614097,48.9,1,48.85,1,48.9,3,1,2316,2025-06-19
2025-06-19 09:12:30.671542,48.9,1,48.85,1,48.9,2,1,2316,2025-06-19
2025-06-19 09:12:32.495942,48.9,1,48.85,1,48.9,2,1,2316,2025-06-19
2025-06-19 09:12:34.168177,48.9,2,48.85,1,49.0,8,1,2316,2025-06-19
2025-06-19 09:12:34.168177,49.0,3,48.85,1,49.0,8,1,2316,2025-06-19
2025-06-19 09:12:34.517581,48.9,1,48.85,3,49.0,8,1,2316,2025-06-19
2025-06-19 09:12:36.586331,48.95,1,48.9,1,48.95,2,2,2316,2025-06-19
2025-06-19 09:12:41.700877,48.95,1,48.9,4,48.95,2,1,2316,2025-06-19
2025-06-19 09:12:41.728418,48.95,1,48.9,4,48.95,1,1,2316,2025-06-19
2025-06-19 09:12:41.745193,48.95,1,48.9,4,49.0,8,1,2316,2025-06-19
2025-06-19 09:12:42.171752,48.95,1,48.95,1,49.0,8,2,2316,2025-06-19
2025-06-19 09:12:42.479727,48.9,2,48.9,3,49.0,8,2,2316,2025-06-19
2025-06-19 09:12:42.830383,48.95,1,48.9,3,48.95,3,1,2316,2025-06-19
2025-06-19 09:12:46.327088,48.95,1,48.9,3,48.95,2,1,2316,2025-06-19
2025-06-19 09:12:46.727742,48.95,1,48.9,4,48.95,1,1,2316,2025-06-19
2025-06-19 09:12:46.754700,48.95,1,48.9,4,49.0,8,1,2316,2025-06-19
2025-06-19 09:12:49.177787,48.95,1,48.9,6,48.95,2,2,2316,2025-06-19
2025-06-19 09:12:49.195787,48.95,1,48.9,6,48.95,1,1,2316,2025-06-19
2025-06-19 09:12:49.216214,48.95,1,48.9,6,49.0,6,1,2316,2025-06-19
2025-06-19 09:12:49.555543,49.0,1,48.9,6,49.0,5,1,2316,2025-06-19
2025-06-19 09:12:50.567539,48.95,1,48.9,5,49.0,27,2,2316,2025-06-19
2025-06-19 09:12:50.567539,48.9,1,48.9,5,49.0,27,2,2316,2025-06-19
2025-06-19 09:12:52.339297,48.95,1,48.95,6,49.0,27,2,2316,2025-06-19
2025-06-19 09:12:53.104868,48.95,1,48.95,5,49.0,27,2,2316,2025-06-19
2025-06-19 09:12:53.520793,49.0,2,48.95,5,49.0,25,1,2316,2025-06-19
2025-06-19 09:12:54.311865,48.95,4,48.95,2,49.0,25,2,2316,2025-06-19
2025-06-19 09:12:55.389363,48.95,2,48.9,5,49.0,25,2,2316,2025-06-19
2025-06-19 09:12:55.389363,48.9,1,48.9,5,49.0,25,2,2316,2025-06-19
2025-06-19 09:13:02.408021,49.0,1,48.9,5,49.0,26,1,2316,2025-06-19
2025-06-19 09:13:09.600353,49.0,2,48.95,12,49.0,3,1,2316,2025-06-19
2025-06-19 09:13:09.672640,48.95,1,48.95,11,49.0,3,2,2316,2025-06-19
2025-06-19 09:13:09.721268,48.95,5,48.95,6,49.0,3,2,2316,2025-06-19
2025-06-19 09:13:10.949719,49.0,3,49.0,7,49.05,7,1,2316,2025-06-19
2025-06-19 09:13:13.137663,49.05,1,49.0,12,49.05,6,1,2316,2025-06-19
2025-06-19 09:13:15.274306,49.0,2,49.0,11,49.05,6,2,2316,2025-06-19
2025-06-19 09:13:15.611847,49.05,1,49.0,11,49.05,7,1,2316,2025-06-19
2025-06-19 09:13:15.871035,49.05,7,49.0,11,49.1,4,1,2316,2025-06-19
2025-06-19 09:13:15.871035,49.1,3,49.0,11,49.1,4,1,2316,2025-06-19
2025-06-19 09:13:17.377284,49.0,1,49.0,10,49.1,4,2,2316,2025-06-19
2025-06-19 09:13:18.218250,49.05,1,49.0,11,49.1,4,2,2316,2025-06-19
2025-06-19 09:13:20.581634,49.05,1,49.0,11,49.1,6,2,2316,2025-06-19
2025-06-19 09:13:20.616477,49.0,11,49.0,11,49.1,6,2,2316,2025-06-19
2025-06-19 09:13:20.659372,48.95,7,48.9,6,49.05,4,2,2316,2025-06-19
2025-06-19 09:13:20.870429,49.0,3,48.9,6,49.0,3,1,2316,2025-06-19
2025-06-19 09:13:20.870429,49.05,4,48.9,6,49.0,3,1,2316,2025-06-19
2025-06-19 09:13:20.870429,49.1,6,48.9,6,49.0,3,1,2316,2025-06-19
2025-06-19 09:13:20.870429,49.15,6,48.9,6,49.0,3,1,2316,2025-06-19
2025-06-19 09:13:20.870429,49.2,7,48.9,6,49.0,3,1,2316,2025-06-19
2025-06-19 09:13:20.870429,49.25,5,48.9,6,49.0,3,1,2316,2025-06-19
2025-06-19 09:13:20.870429,49.3,3,48.9,6,49.0,3,1,2316,2025-06-19
2025-06-19 09:13:20.870429,49.35,3,48.9,6,49.0,3,1,2316,2025-06-19
2025-06-19 09:13:20.870429,49.4,1,48.9,6,49.0,3,1,2316,2025-06-19
2025-06-19 09:13:20.870429,49.45,4,48.9,6,49.0,3,1,2316,2025-06-19
2025-06-19 09:13:20.870429,49.5,3,48.9,6,49.0,3,1,2316,2025-06-19
2025-06-19 09:13:20.870429,49.55,5,48.9,6,49.0,3,1,2316,2025-06-19
2025-06-19 09:13:20.914647,49.5,3,49.05,1,49.55,5,1,2316,2025-06-19
2025-06-19 09:13:20.914647,49.55,2,49.05,1,49.55,5,1,2316,2025-06-19
2025-06-19 09:13:24.230476,49.35,2,49.1,3,49.4,3,1,2316,2025-06-19
2025-06-19 09:13:27.731923,49.3,1,49.1,4,49.35,3,1,2316,2025-06-19
2025-06-19 09:13:28.896987,49.1,6,49.05,3,49.35,2,2,2316,2025-06-19
2025-06-19 09:13:28.984065,49.3,1,49.05,3,49.3,1,1,2316,2025-06-19
2025-06-19 09:13:29.844847,49.3,1,49.1,3,49.35,2,1,2316,2025-06-19
2025-06-19 09:13:30.427569,49.3,1,49.3,1,49.35,2,2,2316,2025-06-19
2025-06-19 09:13:32.546618,49.35,1,49.1,4,49.35,1,1,2316,2025-06-19
2025-06-19 09:13:34.211447,49.1,1,49.1,4,49.35,1,2,2316,2025-06-19
2025-06-19 09:13:34.541189,49.35,2,49.1,4,49.4,5,1,2316,2025-06-19
2025-06-19 09:13:34.541189,49.4,3,49.1,4,49.4,5,1,2316,2025-06-19
2025-06-19 09:13:35.416107,49.3,1,49.15,2,49.4,5,1,2316,2025-06-19
2025-06-19 09:13:36.395394,49.3,2,49.1,3,49.35,2,2,2316,2025-06-19
2025-06-19 09:13:36.948931,49.1,3,49.1,2,49.35,3,2,2316,2025-06-19
2025-06-19 09:13:38.927829,49.2,1,49.1,3,49.3,2,2,2316,2025-06-19
2025-06-19 09:13:45.314734,49.3,3,49.2,2,49.35,2,1,2316,2025-06-19
2025-06-19 09:13:45.774141,49.3,1,49.2,3,49.35,2,2,2316,2025-06-19
2025-06-19 09:13:46.772336,49.2,1,49.2,1,49.35,2,2,2316,2025-06-19
2025-06-19 09:13:50.088816,49.3,1,49.2,3,49.35,2,2,2316,2025-06-19
2025-06-19 09:13:50.122255,49.2,3,49.15,6,49.35,2,2,2316,2025-06-19
2025-06-19 09:13:52.102394,49.3,2,49.2,6,49.3,3,1,2316,2025-06-19
2025-06-19 09:13:52.137352,49.2,7,49.15,1,49.3,3,2,2316,2025-06-19
2025-06-19 09:13:52.172161,49.15,1,49.1,7,49.25,2,2,2316,2025-06-19
2025-06-19 09:13:56.293804,49.15,1,49.1,6,49.2,2,2,2316,2025-06-19
2025-06-19 09:13:56.323503,49.1,6,49.05,11,49.2,3,2,2316,2025-06-19
2025-06-19 09:13:57.485258,49.15,1,49.05,10,49.15,1,1,2316,2025-06-19
2025-06-19 09:13:57.549708,49.15,2,49.05,10,49.25,1,1,2316,2025-06-19
2025-06-19 09:13:57.549708,49.2,3,49.05,10,49.25,1,1,2316,2025-06-19
2025-06-19 09:13:58.240523,49.15,1,49.05,10,49.25,3,2,2316,2025-06-19
2025-06-19 09:14:01.669915,49.05,9,49.0,24,49.15,3,2,2316,2025-06-19
2025-06-19 09:14:01.669915,49.0,1,49.0,24,49.15,3,2,2316,2025-06-19
2025-06-19 09:14:02.127253,49.0,5,49.0,19,49.1,3,2,2316,2025-06-19
2025-06-19 09:14:02.571551,49.05,2,49.0,19,49.1,3,1,2316,2025-06-19
2025-06-19 09:14:05.616698,49.0,5,49.0,13,49.1,3,2,2316,2025-06-19
2025-06-19 09:14:05.641660,49.0,1,49.0,12,49.1,4,2,2316,2025-06-19
2025-06-19 09:14:08.428067,49.0,4,49.0,8,49.1,4,2,2316,2025-06-19
2025-06-19 09:14:08.455981,49.0,8,48.95,4,49.1,4,2,2316,2025-06-19
2025-06-19 09:14:11.664053,49.0,1,48.95,3,49.05,5,2,2316,2025-06-19
2025-06-19 09:14:11.684597,48.95,1,48.95,2,49.05,5,2,2316,2025-06-19
2025-06-19 09:14:11.695912,48.95,2,48.9,8,49.0,1,2,2316,2025-06-19
2025-06-19 09:14:16.577710,48.9,9,48.85,11,48.9,8,2,2316,2025-06-19
2025-06-19 09:14:16.615097,48.85,2,48.85,9,48.9,8,2,2316,2025-06-19
2025-06-19 09:14:16.634633,48.85,1,48.85,8,48.9,8,2,2316,2025-06-19
2025-06-19 09:14:16.694440,48.85,2,48.85,6,48.9,8,2,2316,2025-06-19
2025-06-19 09:14:19.883094,48.85,4,48.85,2,48.9,9,2,2316,2025-06-19
2025-06-19 09:14:20.098125,48.85,2,48.8,27,48.85,8,2,2316,2025-06-19
2025-06-19 09:14:21.687549,48.85,1,48.8,27,48.85,7,1,2316,2025-06-19
2025-06-19 09:14:23.093331,48.85,1,48.8,28,48.85,6,1,2316,2025-06-19
2025-06-19 09:14:23.831138,48.8,2,48.8,26,48.85,9,2,2316,2025-06-19
2025-06-19 09:14:23.855509,48.8,2,48.8,24,48.85,9,2,2316,2025-06-19
2025-06-19 09:14:23.857905,48.8,1,48.8,23,48.85,9,2,2316,2025-06-19
2025-06-19 09:14:24.211021,48.85,6,48.8,23,48.85,30,1,2316,2025-06-19
2025-06-19 09:14:26.164365,48.85,2,48.8,24,48.85,23,1,2316,2025-06-19
2025-06-19 09:14:28.196742,48.8,8,48.8,16,48.85,23,2,2316,2025-06-19
2025-06-19 09:14:28.225311,48.8,1,48.8,15,48.85,23,2,2316,2025-06-19
2025-06-19 09:14:28.247837,48.8,1,48.8,14,48.85,24,2,2316,2025-06-19
2025-06-19 09:14:28.248873,48.8,1,48.8,13,48.85,24,2,2316,2025-06-19
2025-06-19 09:14:30.234265,48.8,1,48.8,12,48.85,24,2,2316,2025-06-19
2025-06-19 09:14:31.616878,48.8,4,48.8,8,48.85,24,2,2316,2025-06-19
2025-06-19 09:14:32.367226,48.8,6,48.8,2,48.85,24,2,2316,2025-06-19
2025-06-19 09:14:32.423376,48.8,1,48.8,1,48.85,24,2,2316,2025-06-19
2025-06-19 09:14:32.458724,48.8,1,48.75,6,48.85,24,2,2316,2025-06-19
2025-06-19 09:14:34.447566,48.8,1,48.75,4,48.8,7,1,2316,2025-06-19
2025-06-19 09:14:35.515096,48.8,2,48.75,4,48.8,5,1,2316,2025-06-19
2025-06-19 09:14:36.189663,48.75,4,48.7,4,48.75,1,2,2316,2025-06-19
2025-06-19 09:14:36.385628,48.75,2,48.7,4,48.8,2,1,2316,2025-06-19
2025-06-19 09:14:36.385628,48.8,2,48.7,4,48.8,2,1,2316,2025-06-19
2025-06-19 09:14:41.090425,48.75,1,48.7,5,48.8,13,2,2316,2025-06-19
2025-06-19 09:14:41.452999,48.8,1,48.7,6,48.8,12,1,2316,2025-06-19
2025-06-19 09:14:43.251183,48.8,3,48.75,2,48.8,9,1,2316,2025-06-19
2025-06-19 09:14:43.284340,48.8,3,48.75,2,48.8,6,1,2316,2025-06-19
2025-06-19 09:14:43.284395,48.8,3,48.75,2,48.8,3,1,2316,2025-06-19
2025-06-19 09:14:43.315060,48.8,2,48.75,2,48.8,1,1,2316,2025-06-19
2025-06-19 09:14:43.315091,48.8,1,48.75,3,48.85,35,1,2316,2025-06-19
2025-06-19 09:14:45.038468,48.8,1,48.8,1,48.85,35,2,2316,2025-06-19
2025-06-19 09:14:45.264797,48.8,1,48.75,3,48.85,35,2,2316,2025-06-19
2025-06-19 09:14:51.298900,48.8,1,48.75,2,48.8,4,1,2316,2025-06-19
2025-06-19 09:14:53.484825,48.8,1,48.75,2,48.8,3,1,2316,2025-06-19
2025-06-19 09:14:54.065822,48.75,2,48.7,8,48.75,3,2,2316,2025-06-19
2025-06-19 09:14:54.071127,48.7,2,48.7,6,48.75,3,2,2316,2025-06-19
2025-06-19 09:14:55.675387,48.75,2,48.7,6,48.75,2,1,2316,2025-06-19
2025-06-19 09:14:55.971100,48.75,2,48.7,6,48.8,15,1,2316,2025-06-19
2025-06-19 09:14:55.971100,48.8,8,48.7,6,48.8,15,1,2316,2025-06-19
2025-06-19 09:14:56.974985,48.7,1,48.7,5,48.8,15,2,2316,2025-06-19
2025-06-19 09:15:00.082213,48.7,3,48.7,2,48.75,2,2,2316,2025-06-19
2025-06-19 09:15:00.241471,48.7,2,48.65,2,48.7,3,2,2316,2025-06-19
2025-06-19 09:15:00.583363,48.65,2,48.55,16,48.6,6,2,2316,2025-06-19
2025-06-19 09:15:00.583363,48.6,6,48.55,16,48.6,6,2,2316,2025-06-19
2025-06-19 09:15:00.622297,48.55,3,48.55,13,48.6,6,2,2316,2025-06-19
2025-06-19 09:15:00.624115,48.55,1,48.55,12,48.6,6,2,2316,2025-06-19
2025-06-19 09:15:00.655583,48.55,1,48.55,11,48.6,7,2,2316,2025-06-19
2025-06-19 09:15:00.658672,48.55,1,48.55,10,48.6,7,2,2316,2025-06-19
2025-06-19 09:15:00.743349,48.6,1,48.55,12,48.6,7,1,2316,2025-06-19
2025-06-19 09:15:00.958082,48.55,2,48.55,8,48.6,6,2,2316,2025-06-19
2025-06-19 09:15:01.795646,48.6,1,48.55,8,48.6,5,1,2316,2025-06-19
2025-06-19 09:15:01.974979,48.6,5,48.55,8,49.0,6,1,2316,2025-06-19
2025-06-19 09:15:01.974979,48.65,4,48.55,8,49.0,6,1,2316,2025-06-19
2025-06-19 09:15:01.974979,48.7,5,48.55,8,49.0,6,1,2316,2025-06-19
2025-06-19 09:15:01.974979,48.75,4,48.55,8,49.0,6,1,2316,2025-06-19
2025-06-19 09:15:01.974979,48.8,18,48.55,8,49.0,6,1,2316,2025-06-19
2025-06-19 09:15:01.974979,48.85,4,48.55,8,49.0,6,1,2316,2025-06-19
2025-06-19 09:15:02.336106,48.7,1,48.7,1,48.95,3,2,2316,2025-06-19
2025-06-19 09:15:04.054373,48.7,1,48.65,4,48.9,2,1,2316,2025-06-19
2025-06-19 09:15:09.492942,48.75,3,48.7,2,48.95,4,2,2316,2025-06-19
2025-06-19 09:15:09.492942,48.7,7,48.7,2,48.95,4,2,2316,2025-06-19
2025-06-19 09:15:11.733184,48.7,2,48.7,2,48.9,7,2,2316,2025-06-19
2025-06-19 09:15:13.225005,48.7,4,48.65,2,48.9,7,2,2316,2025-06-19
2025-06-19 09:15:15.283221,48.7,4,48.65,3,48.85,5,2,2316,2025-06-19
2025-06-19 09:15:20.934317,48.75,1,48.7,22,48.85,7,2,2316,2025-06-19
2025-06-19 09:15:21.604984,48.7,4,48.7,18,48.85,8,2,2316,2025-06-19
2025-06-19 09:15:23.322566,48.7,1,48.7,17,48.85,8,2,2316,2025-06-19
2025-06-19 09:15:25.700359,48.85,1,48.75,1,48.85,7,1,2316,2025-06-19
2025-06-19 09:15:27.138900,48.75,1,48.75,5,48.85,7,2,2316,2025-06-19
2025-06-19 09:15:28.324296,48.8,1,48.75,5,48.85,7,1,2316,2025-06-19
2025-06-19 09:15:29.524434,48.8,2,48.75,7,48.8,2,1,2316,2025-06-19
2025-06-19 09:15:29.557356,48.8,2,48.75,7,48.85,7,1,2316,2025-06-19
2025-06-19 09:15:30.054711,48.75,3,48.75,6,48.85,7,2,2316,2025-06-19
2025-06-19 09:15:30.116363,48.75,6,48.7,61,48.85,7,2,2316,2025-06-19
2025-06-19 09:15:32.435404,48.8,1,48.75,1,48.8,1,2,2316,2025-06-19
2025-06-19 09:15:34.883560,48.8,1,48.75,1,48.8,4,1,2316,2025-06-19
2025-06-19 09:15:35.212498,48.8,4,48.75,1,48.85,3,1,2316,2025-06-19
2025-06-19 09:15:35.212498,48.85,6,48.75,1,48.85,3,1,2316,2025-06-19
2025-06-19 09:15:38.208700,48.75,1,48.75,2,48.85,4,2,2316,2025-06-19
2025-06-19 09:15:39.537094,48.75,2,48.7,63,48.8,1,2,2316,2025-06-19
2025-06-19 09:15:39.776489,48.8,1,48.7,63,48.85,4,1,2316,2025-06-19
2025-06-19 09:15:41.811759,48.8,1,48.8,2,48.85,4,2,2316,2025-06-19
2025-06-19 09:15:42.739919,48.8,2,48.8,1,48.85,4,2,2316,2025-06-19
2025-06-19 09:15:57.497253,48.8,4,48.8,10,48.85,4,2,2316,2025-06-19
2025-06-19 09:15:58.643692,48.8,2,48.8,8,48.85,4,2,2316,2025-06-19
2025-06-19 09:16:07.280619,48.8,1,48.8,5,48.85,5,2,2316,2025-06-19
2025-06-19 09:16:17.567800,48.8,5,48.8,10,48.85,5,2,2316,2025-06-19
2025-06-19 09:16:21.249752,48.85,5,48.8,10,49.0,8,1,2316,2025-06-19
2025-06-19 09:16:21.249752,48.9,3,48.8,10,49.0,8,1,2316,2025-06-19
2025-06-19 09:16:21.249752,48.95,3,48.8,10,49.0,8,1,2316,2025-06-19
2025-06-19 09:16:21.249752,49.0,19,48.8,10,49.0,8,1,2316,2025-06-19
2025-06-19 09:16:21.284980,49.0,6,48.8,10,49.0,2,1,2316,2025-06-19
2025-06-19 09:16:21.285028,49.0,2,48.8,10,49.05,4,1,2316,2025-06-19
2025-06-19 09:16:31.050691,49.0,1,49.0,1,49.05,3,2,2316,2025-06-19
2025-06-19 09:16:34.338834,49.05,2,49.0,1,49.05,3,1,2316,2025-06-19
2025-06-19 09:16:34.427168,49.0,1,48.85,3,49.0,1,2,2316,2025-06-19
2025-06-19 09:16:36.020891,49.0,2,49.05,1,49.1,1,1,2316,2025-06-19
2025-06-19 09:16:36.020891,49.05,2,49.05,1,49.1,1,1,2316,2025-06-19
2025-06-19 09:16:36.035854,49.05,1,48.9,1,49.1,2,2,2316,2025-06-19
2025-06-19 09:16:38.355148,49.0,1,48.85,1,49.05,2,2,2316,2025-06-19
2025-06-19 09:16:39.073438,48.85,1,48.8,10,49.05,3,2,2316,2025-06-19
2025-06-19 09:16:39.073438,48.8,4,48.8,10,49.05,3,2,2316,2025-06-19
2025-06-19 09:16:47.265079,49.0,2,48.9,17,49.0,4,1,2316,2025-06-19
2025-06-19 09:16:49.143222,49.0,4,48.9,17,49.05,3,1,2316,2025-06-19
2025-06-19 09:16:49.143222,49.05,1,48.9,17,49.05,3,1,2316,2025-06-19
2025-06-19 09:16:49.685937,49.0,1,48.9,17,49.05,2,1,2316,2025-06-19
2025-06-19 09:16:55.119524,49.0,1,48.9,18,49.05,3,2,2316,2025-06-19
2025-06-19 09:16:56.805192,49.05,3,49.0,10,49.1,1,1,2316,2025-06-19
2025-06-19 09:16:59.596917,49.0,10,49.0,3,49.15,2,2,2316,2025-06-19
2025-06-19 09:16:59.746382,49.0,1,49.0,3,49.1,2,2,2316,2025-06-19
2025-06-19 09:16:59.908699,49.1,2,49.0,2,49.2,6,1,2316,2025-06-19
2025-06-19 09:16:59.908699,49.15,3,49.0,2,49.2,6,1,2316,2025-06-19
2025-06-19 09:17:07.100961,49.1,1,49.0,3,49.1,8,1,2316,2025-06-19
2025-06-19 09:17:07.214772,49.1,2,49.0,3,49.1,6,1,2316,2025-06-19
2025-06-19 09:17:08.091165,49.05,1,49.0,3,49.1,6,2,2316,2025-06-19
2025-06-19 09:17:09.813071,49.0,1,49.0,2,49.1,7,2,2316,2025-06-19
2025-06-19 09:17:10.013183,49.0,1,49.0,1,49.05,7,2,2316,2025-06-19
2025-06-19 09:17:10.847836,49.05,1,49.0,1,49.05,6,1,2316,2025-06-19
2025-06-19 09:17:13.805390,49.05,2,49.0,8,49.05,4,1,2316,2025-06-19
2025-06-19 09:17:17.341346,49.0,3,49.0,7,49.05,4,2,2316,2025-06-19
2025-06-19 09:17:18.517259,49.05,1,49.0,7,49.05,4,1,2316,2025-06-19
2025-06-19 09:17:22.897508,49.05,1,49.0,7,49.05,5,1,2316,2025-06-19
2025-06-19 09:17:23.930981,49.05,1,49.0,7,49.05,4,1,2316,2025-06-19
2025-06-19 09:17:24.076416,49.05,2,49.0,7,49.05,2,1,2316,2025-06-19
2025-06-19 09:17:29.548617,49.05,2,49.05,3,49.1,1,1,2316,2025-06-19
2025-06-19 09:17:40.987364,49.1,1,49.05,3,49.15,41,1,2316,2025-06-19
2025-06-19 09:17:41.334647,49.05,2,49.05,1,49.15,40,2,2316,2025-06-19
2025-06-19 09:17:44.284262,49.15,1,49.05,2,49.15,40,1,2316,2025-06-19
2025-06-19 09:17:53.638350,49.15,1,49.1,2,49.15,39,1,2316,2025-06-19
2025-06-19 09:17:56.447719,49.1,1,49.1,1,49.15,39,2,2316,2025-06-19
2025-06-19 09:17:56.510504,49.1,1,49.1,1,49.15,39,2,2316,2025-06-19
2025-06-19 09:17:57.791347,49.15,1,49.05,13,49.15,38,1,2316,2025-06-19
2025-06-19 09:17:58.421809,49.15,38,49.15,6,49.2,6,1,2316,2025-06-19
2025-06-19 09:17:58.460148,49.2,4,49.15,6,49.2,2,1,2316,2025-06-19
2025-06-19 09:17:58.460198,49.2,2,49.15,6,49.25,3,1,2316,2025-06-19
2025-06-19 09:17:58.503265,49.25,3,49.15,7,49.25,3,1,2316,2025-06-19
2025-06-19 09:17:58.510543,49.3,2,49.15,7,49.3,2,1,2316,2025-06-19
2025-06-19 09:17:58.512097,49.3,2,49.15,7,49.35,8,1,2316,2025-06-19
2025-06-19 09:17:58.553305,49.35,2,49.15,8,49.35,6,1,2316,2025-06-19
2025-06-19 09:17:58.564498,49.35,3,49.15,8,49.35,3,1,2316,2025-06-19
2025-06-19 09:18:07.502765,49.25,1,49.25,5,49.35,6,2,2316,2025-06-19
2025-06-19 09:18:08.291630,49.35,4,49.25,5,49.35,9,1,2316,2025-06-19
2025-06-19 09:18:10.076715,49.35,3,49.25,5,49.35,6,1,2316,2025-06-19
2025-06-19 09:18:13.049008,49.25,1,49.25,9,49.35,9,2,2316,2025-06-19
2025-06-19 09:18:13.322780,49.35,1,49.25,9,49.35,8,1,2316,2025-06-19
2025-06-19 09:18:15.875660,49.35,2,49.25,9,49.35,6,1,2316,2025-06-19
2025-06-19 09:18:20.193268,49.35,1,49.25,9,49.35,8,1,2316,2025-06-19
2025-06-19 09:18:20.715546,49.35,4,49.25,9,49.35,4,1,2316,2025-06-19
2025-06-19 09:18:21.282441,49.35,1,49.25,9,49.35,4,1,2316,2025-06-19
2025-06-19 09:18:22.067950,49.3,2,49.3,2,49.35,5,2,2316,2025-06-19
2025-06-19 09:18:22.100539,49.3,2,49.25,5,49.35,5,2,2316,2025-06-19
2025-06-19 09:18:23.295532,49.3,1,49.25,5,49.35,6,2,2316,2025-06-19
2025-06-19 09:18:23.295546,49.25,4,49.25,1,49.35,6,2,2316,2025-06-19
2025-06-19 09:18:25.971209,49.25,1,49.2,1,49.3,2,2,2316,2025-06-19
2025-06-19 09:18:26.617998,49.25,1,49.3,1,49.35,12,1,2316,2025-06-19
2025-06-19 09:18:26.617998,49.3,3,49.3,1,49.35,12,1,2316,2025-06-19
2025-06-19 09:18:26.633683,49.3,1,49.2,1,49.35,12,2,2316,2025-06-19
2025-06-19 09:18:33.729571,49.2,3,49.2,1,49.3,4,2,2316,2025-06-19
2025-06-19 09:18:35.785402,49.3,1,49.25,1,49.3,3,1,2316,2025-06-19
2025-06-19 09:18:36.641518,49.25,1,49.2,1,49.3,2,2,2316,2025-06-19
2025-06-19 09:18:41.731640,49.25,1,49.25,2,49.3,3,2,2316,2025-06-19
2025-06-19 09:18:50.706785,49.3,2,49.25,3,49.3,2,1,2316,2025-06-19
2025-06-19 09:18:53.843722,49.3,3,49.3,2,49.35,9,1,2316,2025-06-19
2025-06-19 09:18:57.294584,49.3,2,49.25,7,49.35,9,2,2316,2025-06-19
2025-06-19 09:18:57.294584,49.25,1,49.25,7,49.35,9,2,2316,2025-06-19
2025-06-19 09:18:57.610086,49.35,2,49.25,7,49.35,7,1,2316,2025-06-19
2025-06-19 09:18:59.101349,49.25,1,49.25,6,49.3,1,2,2316,2025-06-19
2025-06-19 09:19:01.155858,49.3,1,49.25,6,49.35,7,1,2316,2025-06-19
2025-06-19 09:19:04.477392,49.3,1,49.25,6,49.3,7,1,2316,2025-06-19
2025-06-19 09:19:06.590819,49.3,1,49.25,6,49.3,6,1,2316,2025-06-19
2025-06-19 09:19:08.862980,49.3,2,49.25,7,49.3,11,1,2316,2025-06-19
2025-06-19 09:19:12.506744,49.25,1,49.25,7,49.3,11,2,2316,2025-06-19
2025-06-19 09:19:13.314993,49.3,1,49.25,7,49.3,10,1,2316,2025-06-19
2025-06-19 09:19:13.345269,49.25,1,49.25,6,49.3,10,2,2316,2025-06-19
2025-06-19 09:19:13.835017,49.25,3,49.25,3,49.3,10,2,2316,2025-06-19
2025-06-19 09:19:17.215690,49.25,3,49.2,2,49.25,2,2,2316,2025-06-19
2025-06-19 09:19:17.313995,49.2,1,49.2,1,49.25,2,2,2316,2025-06-19
2025-06-19 09:19:18.039156,49.25,3,49.25,2,49.3,12,1,2316,2025-06-19
2025-06-19 09:19:18.084878,49.25,1,49.25,2,49.3,12,2,2316,2025-06-19
2025-06-19 09:19:21.814843,49.25,2,49.2,1,49.25,3,2,2316,2025-06-19
2025-06-19 09:19:22.789354,49.2,1,49.2,1,49.25,25,2,2316,2025-06-19
2025-06-19 09:19:24.495069,49.25,1,49.2,1,49.25,24,1,2316,2025-06-19
2025-06-19 09:19:26.616374,49.2,1,49.15,10,49.25,24,2,2316,2025-06-19
2025-06-19 09:19:27.324870,49.15,4,49.15,5,49.25,24,2,2316,2025-06-19
2025-06-19 09:19:27.875466,49.15,5,49.15,5,49.2,5,2,2316,2025-06-19
2025-06-19 09:19:29.240049,49.2,1,49.1,3,49.2,5,1,2316,2025-06-19
2025-06-19 09:19:31.040995,49.2,2,49.1,3,49.2,3,1,2316,2025-06-19
2025-06-19 09:19:32.232783,49.2,1,49.1,3,49.2,2,1,2316,2025-06-19
2025-06-19 09:19:35.303930,49.2,1,49.1,3,49.2,2,1,2316,2025-06-19
2025-06-19 09:19:46.710897,49.15,1,49.1,2,49.2,3,2,2316,2025-06-19
2025-06-19 09:19:46.710897,49.1,2,49.1,2,49.2,3,2,2316,2025-06-19
2025-06-19 09:19:50.786749,49.15,2,49.1,2,49.2,6,2,2316,2025-06-19
2025-06-19 09:19:51.350867,49.1,2,49.0,17,49.15,1,2,2316,2025-06-19
2025-06-19 09:19:57.278850,49.05,1,49.0,15,49.1,2,2,2316,2025-06-19
2025-06-19 09:20:00.260983,49.05,1,49.0,15,49.05,4,2,2316,2025-06-19
2025-06-19 09:20:00.506213,49.0,1,49.0,14,49.05,4,2,2316,2025-06-19
2025-06-19 09:20:00.721846,49.0,6,49.0,8,49.05,4,2,2316,2025-06-19
