ts,close,volume,bid_price,bid_volume,ask_price,ask_volume,tick_type,code,date
2025-06-20 09:00:07.633750,48.4,55,48.35,3,48.5,2,2,2316,2025-06-20
2025-06-20 09:00:07.713061,48.5,2,48.35,3,48.55,5,1,2316,2025-06-20
2025-06-20 09:00:10.498714,48.35,3,48.3,1,48.4,13,2,2316,2025-06-20
2025-06-20 09:00:11.059294,48.3,1,48.25,1,48.4,13,2,2316,2025-06-20
2025-06-20 09:00:12.147545,48.25,1,48.2,5,48.35,1,2,2316,2025-06-20
2025-06-20 09:00:13.528870,48.2,1,48.2,4,48.35,1,2,2316,2025-06-20
2025-06-20 09:00:16.624740,48.35,1,48.2,4,48.4,12,1,2316,2025-06-20
2025-06-20 09:00:24.818208,48.35,1,48.3,2,48.4,12,1,2316,2025-06-20
2025-06-20 09:00:32.689310,48.3,1,48.3,2,48.35,1,2,2316,2025-06-20
2025-06-20 09:00:36.087668,48.35,1,48.3,2,48.4,12,1,2316,2025-06-20
2025-06-20 09:00:40.984105,48.35,1,48.35,2,48.4,12,1,2316,2025-06-20
2025-06-20 09:00:41.803545,48.35,1,48.35,1,48.4,12,2,2316,2025-06-20
2025-06-20 09:00:43.731671,48.35,3,48.3,3,48.4,12,2,2316,2025-06-20
2025-06-20 09:00:48.849167,48.35,1,48.35,3,48.4,12,2,2316,2025-06-20
2025-06-20 09:00:56.061699,48.4,1,48.35,3,48.4,11,1,2316,2025-06-20
2025-06-20 09:00:56.355424,48.35,3,48.3,3,48.35,7,2,2316,2025-06-20
2025-06-20 09:00:58.790776,48.3,1,48.3,2,48.35,7,2,2316,2025-06-20
2025-06-20 09:00:59.144858,48.3,2,48.25,2,48.35,7,2,2316,2025-06-20
2025-06-20 09:00:59.144858,48.25,2,48.25,2,48.35,7,2,2316,2025-06-20
2025-06-20 09:01:01.391944,48.25,1,48.25,1,48.35,7,2,2316,2025-06-20
2025-06-20 09:01:02.167271,48.25,1,48.2,5,48.35,7,2,2316,2025-06-20
2025-06-20 09:01:02.167271,48.2,1,48.2,5,48.35,7,2,2316,2025-06-20
2025-06-20 09:01:08.993386,48.2,1,48.2,4,48.3,2,2,2316,2025-06-20
2025-06-20 09:01:09.844415,48.2,1,48.2,3,48.3,2,2,2316,2025-06-20
2025-06-20 09:01:10.870511,48.2,5,48.15,2,48.3,2,2,2316,2025-06-20
2025-06-20 09:01:24.522303,48.15,1,48.15,1,48.2,9,2,2316,2025-06-20
2025-06-20 09:01:26.270876,48.15,1,48.1,2,48.15,4,2,2316,2025-06-20
2025-06-20 09:01:27.212173,48.15,1,48.1,2,48.15,4,1,2316,2025-06-20
2025-06-20 09:01:30.104069,48.15,1,48.1,2,48.15,3,1,2316,2025-06-20
2025-06-20 09:01:30.229427,48.15,1,48.1,2,48.15,2,1,2316,2025-06-20
2025-06-20 09:01:30.435692,48.15,2,48.1,4,48.2,9,1,2316,2025-06-20
2025-06-20 09:01:30.470877,48.15,1,48.1,4,48.2,9,2,2316,2025-06-20
2025-06-20 09:01:30.482131,48.1,1,48.1,5,48.2,9,2,2316,2025-06-20
2025-06-20 09:01:40.004444,48.1,3,48.05,2,48.15,2,2,2316,2025-06-20
2025-06-20 09:01:40.217915,48.05,2,48.0,8,48.15,2,2,2316,2025-06-20
2025-06-20 09:01:40.217915,48.0,2,48.0,8,48.15,2,2,2316,2025-06-20
2025-06-20 09:01:42.666073,48.15,1,48.0,10,48.15,1,1,2316,2025-06-20
2025-06-20 09:01:42.697171,48.15,1,48.0,10,48.2,6,1,2316,2025-06-20
2025-06-20 09:01:42.738539,48.2,6,48.05,3,48.25,1,1,2316,2025-06-20
2025-06-20 09:01:44.396858,48.2,1,48.2,2,48.25,1,2,2316,2025-06-20
2025-06-20 09:01:50.779717,48.2,1,48.1,5,48.2,2,1,2316,2025-06-20
2025-06-20 09:01:52.182161,48.2,2,48.1,3,48.25,1,1,2316,2025-06-20
2025-06-20 09:01:52.586986,48.25,1,48.2,1,48.3,2,1,2316,2025-06-20
2025-06-20 09:01:54.535540,48.2,1,48.2,1,48.3,2,2,2316,2025-06-20
2025-06-20 09:01:57.775578,48.3,2,48.25,2,48.35,7,1,2316,2025-06-20
2025-06-20 09:02:07.082916,48.3,1,48.25,3,48.35,7,1,2316,2025-06-20
2025-06-20 09:02:07.107674,48.35,7,48.25,3,48.4,11,1,2316,2025-06-20
2025-06-20 09:02:08.052563,48.25,2,48.25,1,48.4,11,2,2316,2025-06-20
2025-06-20 09:02:10.239677,48.4,1,48.3,1,48.4,10,1,2316,2025-06-20
2025-06-20 09:02:10.485836,48.3,1,48.25,5,48.4,10,2,2316,2025-06-20
2025-06-20 09:02:10.663318,48.3,1,48.25,5,48.3,5,1,2316,2025-06-20
2025-06-20 09:02:10.664025,48.3,5,48.25,5,48.4,10,1,2316,2025-06-20
2025-06-20 09:02:11.010165,48.4,10,48.4,10,48.45,1,1,2316,2025-06-20
2025-06-20 09:02:11.033427,48.45,1,48.4,10,48.45,1,1,2316,2025-06-20
2025-06-20 09:02:13.657538,48.5,5,48.55,8,48.75,1,1,2316,2025-06-20
2025-06-20 09:02:13.657538,48.55,7,48.55,8,48.75,1,1,2316,2025-06-20
2025-06-20 09:02:13.704510,48.75,1,48.55,8,48.8,1,1,2316,2025-06-20
2025-06-20 09:02:13.704510,48.8,1,48.55,8,48.8,1,1,2316,2025-06-20
2025-06-20 09:02:13.704862,48.8,1,48.55,8,48.75,1,1,2316,2025-06-20
2025-06-20 09:02:13.704862,48.85,1,48.55,8,48.75,1,1,2316,2025-06-20
2025-06-20 09:02:22.248228,48.8,2,48.55,9,48.85,6,1,2316,2025-06-20
2025-06-20 09:02:28.082446,48.8,1,48.6,2,48.8,1,1,2316,2025-06-20
2025-06-20 09:02:29.919395,48.8,1,48.7,1,48.8,5,1,2316,2025-06-20
2025-06-20 09:02:29.930096,48.8,1,48.7,1,48.8,4,1,2316,2025-06-20
2025-06-20 09:02:30.383745,48.8,1,48.7,1,48.8,3,1,2316,2025-06-20
2025-06-20 09:02:31.561512,48.8,1,48.7,1,48.8,2,1,2316,2025-06-20
2025-06-20 09:02:31.668726,48.8,2,48.7,2,48.9,1,1,2316,2025-06-20
2025-06-20 09:02:31.668726,48.85,4,48.7,2,48.9,1,1,2316,2025-06-20
2025-06-20 09:02:31.668726,48.9,2,48.7,2,48.9,1,1,2316,2025-06-20
2025-06-20 09:02:33.491649,48.9,1,48.8,2,48.95,1,1,2316,2025-06-20
2025-06-20 09:02:39.703942,48.95,1,48.9,11,48.95,3,1,2316,2025-06-20
2025-06-20 09:02:39.728879,48.95,3,48.9,11,49.0,2,1,2316,2025-06-20
2025-06-20 09:02:39.817592,49.0,2,48.95,1,49.15,1,1,2316,2025-06-20
2025-06-20 09:02:40.995399,48.95,1,48.9,7,49.1,2,2,2316,2025-06-20
2025-06-20 09:02:40.995399,48.9,5,48.9,7,49.1,2,2,2316,2025-06-20
2025-06-20 09:02:44.492949,48.9,1,48.9,11,49.05,3,2,2316,2025-06-20
2025-06-20 09:02:50.954979,48.9,1,48.9,11,48.95,2,2,2316,2025-06-20
2025-06-20 09:02:50.987730,48.9,1,48.9,10,48.95,2,2,2316,2025-06-20
2025-06-20 09:02:54.412951,48.95,2,48.9,13,49.0,2,1,2316,2025-06-20
2025-06-20 09:02:54.614378,48.9,1,48.9,12,49.0,2,2,2316,2025-06-20
2025-06-20 09:02:56.923130,48.9,12,48.85,1,48.9,8,2,2316,2025-06-20
2025-06-20 09:02:57.599651,48.9,1,48.85,1,48.9,7,1,2316,2025-06-20
2025-06-20 09:02:57.797823,48.85,1,48.8,6,48.9,7,2,2316,2025-06-20
2025-06-20 09:02:59.999793,48.85,1,48.8,4,48.85,1,1,2316,2025-06-20
2025-06-20 09:03:01.917580,48.85,1,48.8,4,48.9,17,2,2316,2025-06-20
2025-06-20 09:03:05.259792,48.85,1,48.8,4,48.9,17,1,2316,2025-06-20
2025-06-20 09:03:09.136681,48.85,1,48.8,4,48.9,17,2,2316,2025-06-20
2025-06-20 09:03:09.851889,48.85,1,48.8,4,48.9,17,1,2316,2025-06-20
2025-06-20 09:03:14.764981,48.85,1,48.85,1,48.9,17,2,2316,2025-06-20
2025-06-20 09:03:14.796222,48.85,1,48.8,4,48.9,17,2,2316,2025-06-20
2025-06-20 09:03:16.000250,48.85,1,48.8,4,49.0,1,1,2316,2025-06-20
2025-06-20 09:03:16.000250,48.9,17,48.8,4,49.0,1,1,2316,2025-06-20
2025-06-20 09:03:16.000250,48.95,1,48.8,4,49.0,1,1,2316,2025-06-20
2025-06-20 09:03:16.000250,49.0,1,48.8,4,49.0,1,1,2316,2025-06-20
2025-06-20 09:03:22.597089,49.0,1,48.85,9,49.05,1,1,2316,2025-06-20
2025-06-20 09:03:23.582309,49.05,1,49.0,2,49.15,3,1,2316,2025-06-20
2025-06-20 09:03:33.517974,49.1,1,49.0,2,49.1,1,1,2316,2025-06-20
2025-06-20 09:03:35.367686,49.1,1,49.05,1,49.15,2,1,2316,2025-06-20
2025-06-20 09:03:35.367686,49.15,1,49.05,1,49.15,2,1,2316,2025-06-20
2025-06-20 09:03:36.828047,49.05,2,48.95,1,49.15,2,2,2316,2025-06-20
2025-06-20 09:03:38.217705,49.15,2,48.95,1,49.25,1,1,2316,2025-06-20
2025-06-20 09:03:42.438196,49.15,1,49.05,2,49.15,1,1,2316,2025-06-20
2025-06-20 09:03:42.574534,49.15,1,49.05,2,49.2,1,1,2316,2025-06-20
2025-06-20 09:03:43.173551,49.05,2,49.0,1,49.15,1,2,2316,2025-06-20
2025-06-20 09:03:44.752383,49.1,1,48.85,1,49.1,2,1,2316,2025-06-20
2025-06-20 09:03:47.699417,49.1,1,49.0,1,49.1,2,1,2316,2025-06-20
2025-06-20 09:03:49.369423,49.0,1,48.85,1,49.05,3,2,2316,2025-06-20
2025-06-20 09:03:57.056926,49.0,1,48.8,9,49.0,3,1,2316,2025-06-20
2025-06-20 09:03:57.187872,49.0,3,48.8,9,49.0,3,1,2316,2025-06-20
2025-06-20 09:03:57.187872,49.05,2,48.8,9,49.0,3,1,2316,2025-06-20
2025-06-20 09:03:57.187872,49.1,9,48.8,9,49.0,3,1,2316,2025-06-20
2025-06-20 09:03:57.187872,49.15,5,48.8,9,49.0,3,1,2316,2025-06-20
2025-06-20 09:03:57.187872,49.2,1,48.8,9,49.0,3,1,2316,2025-06-20
2025-06-20 09:03:57.613647,49.0,1,48.9,3,49.2,5,1,2316,2025-06-20
2025-06-20 09:03:58.022449,49.0,1,48.95,1,49.2,5,1,2316,2025-06-20
2025-06-20 09:04:01.655123,49.0,1,49.0,4,49.2,3,2,2316,2025-06-20
2025-06-20 09:04:01.971046,49.0,2,49.0,2,49.15,1,2,2316,2025-06-20
2025-06-20 09:04:13.085157,49.0,1,49.0,2,49.05,3,2,2316,2025-06-20
2025-06-20 09:04:13.105962,49.0,1,49.0,1,49.05,3,2,2316,2025-06-20
2025-06-20 09:04:13.129611,49.0,1,48.95,1,49.05,3,2,2316,2025-06-20
2025-06-20 09:04:13.140939,49.05,1,48.95,1,49.05,2,1,2316,2025-06-20
2025-06-20 09:04:18.328964,49.05,1,48.9,2,49.05,4,1,2316,2025-06-20
2025-06-20 09:04:21.595609,49.0,4,49.0,6,49.05,4,2,2316,2025-06-20
2025-06-20 09:04:21.627300,49.0,3,49.0,3,49.05,4,2,2316,2025-06-20
2025-06-20 09:04:21.627493,49.0,2,49.0,1,49.05,4,2,2316,2025-06-20
2025-06-20 09:04:21.661581,49.0,1,48.9,2,49.05,4,2,2316,2025-06-20
2025-06-20 09:04:26.771953,48.95,1,48.9,2,49.0,4,2,2316,2025-06-20
2025-06-20 09:04:27.279586,49.0,6,49.0,4,49.05,1,1,2316,2025-06-20
2025-06-20 09:04:31.152218,49.05,1,49.0,4,49.05,1,1,2316,2025-06-20
2025-06-20 09:04:33.186837,49.05,1,49.0,4,49.15,2,1,2316,2025-06-20
2025-06-20 09:04:33.186837,49.1,1,49.0,4,49.15,2,1,2316,2025-06-20
2025-06-20 09:04:35.204778,49.15,2,49.05,3,49.3,6,1,2316,2025-06-20
2025-06-20 09:04:35.204778,49.2,3,49.05,3,49.3,6,1,2316,2025-06-20
2025-06-20 09:04:35.204778,49.25,2,49.05,3,49.3,6,1,2316,2025-06-20
2025-06-20 09:04:35.204778,49.3,3,49.05,3,49.3,6,1,2316,2025-06-20
2025-06-20 09:04:53.670908,49.25,1,49.2,1,49.25,3,1,2316,2025-06-20
2025-06-20 09:04:55.230235,49.2,1,49.1,8,49.25,3,2,2316,2025-06-20
2025-06-20 09:04:56.755723,49.25,3,49.1,6,49.3,6,1,2316,2025-06-20
2025-06-20 09:04:59.466844,49.2,1,49.1,6,49.2,1,1,2316,2025-06-20
2025-06-20 09:05:00.716483,49.2,1,49.1,6,49.3,5,1,2316,2025-06-20
2025-06-20 09:05:00.716483,49.25,1,49.1,6,49.3,5,1,2316,2025-06-20
2025-06-20 09:05:00.716483,49.3,1,49.1,6,49.3,5,1,2316,2025-06-20
2025-06-20 09:05:08.053522,49.2,1,49.15,1,49.25,1,2,2316,2025-06-20
2025-06-20 09:05:11.558305,49.1,6,49.05,4,49.25,4,2,2316,2025-06-20
2025-06-20 09:05:13.812182,49.15,4,49.05,3,49.2,5,1,2316,2025-06-20
2025-06-20 09:05:22.014928,49.2,1,49.15,1,49.2,1,1,2316,2025-06-20
2025-06-20 09:05:24.477768,49.15,4,49.1,2,49.15,1,2,2316,2025-06-20
2025-06-20 09:05:25.924025,49.1,1,49.1,1,49.15,2,2,2316,2025-06-20
2025-06-20 09:05:26.762727,49.1,1,49.05,4,49.15,2,2,2316,2025-06-20
2025-06-20 09:05:35.272723,49.15,1,49.05,4,49.15,3,1,2316,2025-06-20
2025-06-20 09:05:42.819772,49.15,1,49.05,4,49.15,4,1,2316,2025-06-20
2025-06-20 09:05:45.538886,49.05,4,49.0,4,49.1,3,2,2316,2025-06-20
2025-06-20 09:05:50.540442,49.0,1,49.0,2,49.05,4,2,2316,2025-06-20
2025-06-20 09:05:50.563961,49.0,1,49.0,1,49.05,4,2,2316,2025-06-20
2025-06-20 09:05:50.563999,49.0,1,48.95,1,49.05,4,2,2316,2025-06-20
2025-06-20 09:05:50.586483,48.95,1,48.9,3,49.05,4,2,2316,2025-06-20
2025-06-20 09:06:00.682756,48.9,2,48.9,1,49.0,8,2,2316,2025-06-20
2025-06-20 09:06:02.503688,48.95,5,49.0,12,49.05,1,1,2316,2025-06-20
2025-06-20 09:06:02.503688,49.0,3,49.0,12,49.05,1,1,2316,2025-06-20
2025-06-20 09:06:02.531568,49.05,1,49.0,12,49.1,1,1,2316,2025-06-20
2025-06-20 09:06:02.534496,49.0,1,49.0,11,49.1,1,2,2316,2025-06-20
2025-06-20 09:06:05.786296,49.0,1,49.0,13,49.1,3,2,2316,2025-06-20
2025-06-20 09:06:13.388115,49.0,14,48.85,1,49.1,3,2,2316,2025-06-20
2025-06-20 09:06:13.680355,48.85,1,48.85,1,49.05,3,2,2316,2025-06-20
2025-06-20 09:06:17.594500,49.0,1,48.85,4,49.05,4,2,2316,2025-06-20
2025-06-20 09:06:18.335654,48.9,1,48.9,1,49.05,4,2,2316,2025-06-20
2025-06-20 09:06:18.335654,48.85,1,48.9,1,49.05,4,2,2316,2025-06-20
2025-06-20 09:06:25.917457,48.95,5,48.85,5,49.0,3,1,2316,2025-06-20
2025-06-20 09:06:26.016962,48.95,1,48.9,1,49.0,3,1,2316,2025-06-20
2025-06-20 09:06:27.002028,48.9,1,48.85,2,48.95,1,1,2316,2025-06-20
2025-06-20 09:06:27.012322,48.9,1,48.85,2,49.0,3,1,2316,2025-06-20
2025-06-20 09:06:28.912171,48.9,2,48.85,6,49.0,3,1,2316,2025-06-20
2025-06-20 09:06:30.383118,48.9,1,48.85,6,49.0,3,2,2316,2025-06-20
2025-06-20 09:06:32.418732,49.0,1,48.9,4,49.0,1,1,2316,2025-06-20
2025-06-20 09:06:34.701007,48.95,1,49.0,2,49.05,1,1,2316,2025-06-20
2025-06-20 09:06:34.701007,49.0,1,49.0,2,49.05,1,1,2316,2025-06-20
2025-06-20 09:06:40.948917,49.0,1,49.0,2,49.05,3,2,2316,2025-06-20
2025-06-20 09:06:43.935735,49.0,5,48.9,4,49.0,5,2,2316,2025-06-20
2025-06-20 09:06:44.148979,49.0,1,48.9,4,49.0,6,1,2316,2025-06-20
2025-06-20 09:06:49.727917,49.0,2,48.9,4,49.0,5,1,2316,2025-06-20
2025-06-20 09:06:58.503646,48.95,1,48.9,6,48.95,3,1,2316,2025-06-20
2025-06-20 09:07:07.401930,48.95,1,48.9,6,48.95,6,1,2316,2025-06-20
2025-06-20 09:07:09.374719,48.9,6,48.85,5,48.95,6,2,2316,2025-06-20
2025-06-20 09:07:13.810410,48.9,4,48.85,5,49.0,11,1,2316,2025-06-20
2025-06-20 09:07:13.810410,48.95,4,48.85,5,49.0,11,1,2316,2025-06-20
2025-06-20 09:07:13.810410,49.0,2,48.85,5,49.0,11,1,2316,2025-06-20
2025-06-20 09:07:14.061241,48.9,1,48.85,5,49.0,11,1,2316,2025-06-20
2025-06-20 09:07:14.812422,48.95,1,48.9,1,49.0,11,1,2316,2025-06-20
2025-06-20 09:07:20.211901,48.9,4,48.85,5,48.9,6,2,2316,2025-06-20
2025-06-20 09:07:21.496094,48.9,2,48.85,5,48.9,5,1,2316,2025-06-20
2025-06-20 09:07:22.078350,48.85,1,48.85,4,48.9,5,2,2316,2025-06-20
2025-06-20 09:07:26.691263,48.85,1,48.85,3,48.9,5,2,2316,2025-06-20
2025-06-20 09:07:26.770087,48.85,1,48.85,2,48.9,5,2,2316,2025-06-20
2025-06-20 09:07:26.796577,48.85,1,48.85,1,48.9,5,2,2316,2025-06-20
2025-06-20 09:07:29.795830,48.85,1,48.8,21,48.85,1,2,2316,2025-06-20
2025-06-20 09:07:34.513996,48.85,1,48.8,23,48.9,7,1,2316,2025-06-20
2025-06-20 09:07:56.624851,48.85,2,48.8,23,48.85,5,1,2316,2025-06-20
2025-06-20 09:07:59.729889,48.8,20,48.8,3,48.85,5,2,2316,2025-06-20
2025-06-20 09:07:59.763754,48.8,1,48.8,2,48.85,5,2,2316,2025-06-20
2025-06-20 09:07:59.763772,48.8,2,48.7,1,48.85,5,2,2316,2025-06-20
2025-06-20 09:07:59.794994,48.7,1,48.65,1,48.8,7,2,2316,2025-06-20
2025-06-20 09:08:14.761498,48.7,1,48.7,1,48.75,5,2,2316,2025-06-20
2025-06-20 09:08:15.031822,48.7,1,48.65,2,48.75,5,2,2316,2025-06-20
2025-06-20 09:08:20.784440,48.65,1,48.65,1,48.7,4,2,2316,2025-06-20
2025-06-20 09:08:23.688329,48.65,1,48.6,6,48.7,4,2,2316,2025-06-20
2025-06-20 09:08:25.684451,48.6,7,48.55,9,48.7,5,2,2316,2025-06-20
2025-06-20 09:08:25.684451,48.55,3,48.55,9,48.7,5,2,2316,2025-06-20
2025-06-20 09:08:34.129863,48.55,2,48.55,8,48.6,3,2,2316,2025-06-20
2025-06-20 09:08:37.055458,48.55,3,48.55,5,48.6,3,2,2316,2025-06-20
2025-06-20 09:08:37.307070,48.55,3,48.55,2,48.6,5,2,2316,2025-06-20
2025-06-20 09:08:37.334089,48.55,1,48.55,1,48.6,5,2,2316,2025-06-20
2025-06-20 09:08:37.339121,48.55,1,48.5,2,48.6,5,2,2316,2025-06-20
2025-06-20 09:08:37.408497,48.55,1,48.5,2,48.55,2,1,2316,2025-06-20
2025-06-20 09:08:37.438368,48.5,1,48.5,2,48.55,3,2,2316,2025-06-20
2025-06-20 09:08:38.764419,48.5,1,48.45,1,48.55,4,2,2316,2025-06-20
2025-06-20 09:08:40.370928,48.45,1,48.4,17,48.5,4,2,2316,2025-06-20
2025-06-20 09:08:40.370928,48.4,1,48.4,17,48.5,4,2,2316,2025-06-20
2025-06-20 09:08:41.999161,48.4,1,48.4,16,48.5,4,2,2316,2025-06-20
2025-06-20 09:08:43.538718,48.4,8,48.4,8,48.5,6,2,2316,2025-06-20
2025-06-20 09:08:44.981648,48.4,2,48.4,6,48.45,4,2,2316,2025-06-20
2025-06-20 09:08:45.087962,48.4,1,48.4,5,48.45,4,2,2316,2025-06-20
2025-06-20 09:08:45.617900,48.4,1,48.4,4,48.45,4,2,2316,2025-06-20
2025-06-20 09:08:50.770271,48.4,2,48.4,2,48.45,7,2,2316,2025-06-20
2025-06-20 09:08:50.793935,48.4,1,48.4,1,48.45,7,2,2316,2025-06-20
2025-06-20 09:08:50.822704,48.4,1,48.35,3,48.45,7,2,2316,2025-06-20
2025-06-20 09:08:56.784633,48.35,1,48.35,3,48.4,5,2,2316,2025-06-20
2025-06-20 09:08:57.450067,48.35,2,48.3,7,48.35,1,2,2316,2025-06-20
2025-06-20 09:08:59.123539,48.3,1,48.3,6,48.35,2,2,2316,2025-06-20
2025-06-20 09:08:59.173839,48.35,1,48.3,6,48.35,1,1,2316,2025-06-20
2025-06-20 09:08:59.529774,48.3,1,48.3,5,48.35,1,2,2316,2025-06-20
2025-06-20 09:08:59.768567,48.3,1,48.3,4,48.35,1,2,2316,2025-06-20
2025-06-20 09:09:01.975801,48.3,1,48.3,3,48.35,3,2,2316,2025-06-20
2025-06-20 09:09:08.861841,48.35,4,48.3,19,48.4,3,1,2316,2025-06-20
2025-06-20 09:09:08.893765,48.4,2,48.35,2,48.4,1,1,2316,2025-06-20
2025-06-20 09:09:08.926343,48.4,1,48.35,6,48.45,2,1,2316,2025-06-20
2025-06-20 09:09:09.016390,48.45,1,48.4,3,48.45,1,1,2316,2025-06-20
2025-06-20 09:09:09.047361,48.45,1,48.4,3,48.55,1,1,2316,2025-06-20
2025-06-20 09:09:10.077656,48.55,1,48.45,2,48.65,1,1,2316,2025-06-20
2025-06-20 09:09:10.077656,48.6,1,48.45,2,48.65,1,1,2316,2025-06-20
2025-06-20 09:09:10.237353,48.55,2,48.5,1,48.55,10,2,2316,2025-06-20
2025-06-20 09:09:13.801918,48.55,1,48.4,2,48.55,9,1,2316,2025-06-20
2025-06-20 09:09:15.771574,48.5,1,48.4,2,48.55,9,1,2316,2025-06-20
2025-06-20 09:09:17.305324,48.4,1,48.4,3,48.5,1,2,2316,2025-06-20
2025-06-20 09:09:19.555049,48.4,1,48.4,2,48.5,1,2,2316,2025-06-20
2025-06-20 09:09:19.739876,48.5,1,48.4,2,48.55,9,1,2316,2025-06-20
2025-06-20 09:09:22.270183,48.45,2,48.45,1,48.55,9,1,2316,2025-06-20
2025-06-20 09:09:25.015928,48.45,1,48.45,1,48.55,9,2,2316,2025-06-20
2025-06-20 09:09:30.295865,48.5,1,48.5,1,48.55,9,1,2316,2025-06-20
2025-06-20 09:09:30.549328,48.5,1,48.45,1,48.55,9,2,2316,2025-06-20
2025-06-20 09:09:37.697917,48.55,1,48.5,2,48.55,9,1,2316,2025-06-20
2025-06-20 09:09:37.814581,48.55,4,48.5,2,48.55,5,1,2316,2025-06-20
2025-06-20 09:09:38.771643,48.5,1,48.5,2,48.55,5,2,2316,2025-06-20
2025-06-20 09:10:02.764011,48.5,1,48.5,4,48.55,7,2,2316,2025-06-20
2025-06-20 09:10:03.246386,48.55,1,48.5,5,48.55,6,1,2316,2025-06-20
2025-06-20 09:10:08.863617,48.55,1,48.5,10,48.55,5,1,2316,2025-06-20
2025-06-20 09:10:10.368638,48.55,1,48.5,10,48.55,4,1,2316,2025-06-20
2025-06-20 09:10:10.583092,48.5,3,48.5,7,48.55,4,2,2316,2025-06-20
2025-06-20 09:10:12.856779,48.55,1,48.5,7,48.55,3,1,2316,2025-06-20
2025-06-20 09:10:29.825380,48.5,1,48.5,9,48.55,5,2,2316,2025-06-20
2025-06-20 09:11:10.996641,48.55,1,48.5,10,48.55,10,1,2316,2025-06-20
2025-06-20 09:11:25.052178,48.5,1,48.5,9,48.55,10,2,2316,2025-06-20
2025-06-20 09:11:26.763062,48.5,1,48.5,8,48.55,10,2,2316,2025-06-20
2025-06-20 09:11:28.248757,48.5,8,48.45,1,48.55,10,2,2316,2025-06-20
2025-06-20 09:11:33.702284,48.45,1,48.4,3,48.45,12,2,2316,2025-06-20
2025-06-20 09:11:33.747227,48.4,1,48.4,1,48.45,17,2,2316,2025-06-20
2025-06-20 09:11:33.764764,48.4,1,48.35,3,48.45,18,2,2316,2025-06-20
2025-06-20 09:11:34.192270,48.35,1,48.35,1,48.45,18,2,2316,2025-06-20
2025-06-20 09:11:34.296984,48.35,1,48.3,22,48.4,8,2,2316,2025-06-20
2025-06-20 09:11:41.195876,48.3,1,48.3,23,48.4,8,2,2316,2025-06-20
2025-06-20 09:11:42.348396,48.3,2,48.3,21,48.4,8,2,2316,2025-06-20
2025-06-20 09:11:44.910295,48.3,6,48.3,15,48.4,8,2,2316,2025-06-20
2025-06-20 09:11:44.943438,48.3,3,48.3,12,48.4,8,2,2316,2025-06-20
2025-06-20 09:11:49.632661,48.3,3,48.3,9,48.35,9,2,2316,2025-06-20
2025-06-20 09:11:49.653744,48.3,1,48.3,8,48.35,9,2,2316,2025-06-20
2025-06-20 09:11:49.659374,48.3,2,48.3,6,48.35,9,2,2316,2025-06-20
2025-06-20 09:11:49.681965,48.3,1,48.3,5,48.35,9,2,2316,2025-06-20
2025-06-20 09:11:49.696761,48.3,4,48.3,1,48.35,9,2,2316,2025-06-20
2025-06-20 09:11:49.729045,48.3,1,48.05,4,48.35,9,2,2316,2025-06-20
2025-06-20 09:11:49.755416,48.3,2,48.05,4,48.3,3,1,2316,2025-06-20
2025-06-20 09:11:58.306975,48.2,1,48.1,1,48.25,8,2,2316,2025-06-20
2025-06-20 09:11:58.378565,48.2,4,48.1,2,48.2,4,1,2316,2025-06-20
2025-06-20 09:12:00.598487,48.15,16,48.1,2,48.2,1,1,2316,2025-06-20
2025-06-20 09:12:00.667029,48.2,1,48.15,3,48.25,1,1,2316,2025-06-20
2025-06-20 09:12:07.699172,48.25,1,48.2,1,48.3,2,1,2316,2025-06-20
2025-06-20 09:12:07.803637,48.2,1,48.2,3,48.3,1,2,2316,2025-06-20
2025-06-20 09:12:12.483253,48.25,1,48.2,2,48.3,1,1,2316,2025-06-20
2025-06-20 09:12:12.550000,48.3,1,48.25,1,48.35,2,1,2316,2025-06-20
2025-06-20 09:12:12.584655,48.35,1,48.25,4,48.35,1,1,2316,2025-06-20
2025-06-20 09:12:13.598663,48.3,1,48.3,2,48.5,1,2,2316,2025-06-20
2025-06-20 09:12:25.145677,48.3,1,48.3,3,48.5,4,2,2316,2025-06-20
2025-06-20 09:12:27.162778,48.45,1,48.3,1,48.5,4,1,2316,2025-06-20
2025-06-20 09:12:27.202391,48.3,1,48.3,3,48.5,4,2,2316,2025-06-20
2025-06-20 09:12:31.149794,48.3,1,48.3,1,48.5,4,2,2316,2025-06-20
2025-06-20 09:12:40.252196,48.5,2,48.35,3,48.5,2,1,2316,2025-06-20
2025-06-20 09:12:43.369526,48.35,1,48.35,4,48.5,2,2,2316,2025-06-20
2025-06-20 09:12:50.315285,48.5,1,48.4,2,48.5,1,1,2316,2025-06-20
2025-06-20 09:13:14.665695,48.5,1,48.45,4,48.5,1,1,2316,2025-06-20
2025-06-20 09:13:14.703207,48.5,1,48.45,4,48.55,3,1,2316,2025-06-20
2025-06-20 09:13:14.856084,48.55,3,48.45,4,48.85,3,1,2316,2025-06-20
2025-06-20 09:13:56.956808,48.85,2,48.65,1,48.85,1,1,2316,2025-06-20
2025-06-20 09:14:01.700699,48.85,1,48.65,3,48.9,9,1,2316,2025-06-20
2025-06-20 09:14:04.364783,48.85,1,48.65,2,48.9,9,1,2316,2025-06-20
2025-06-20 09:14:18.614836,48.85,1,48.7,5,48.9,9,2,2316,2025-06-20
2025-06-20 09:14:19.370215,48.8,1,48.7,4,48.9,9,2,2316,2025-06-20
2025-06-20 09:14:24.359738,48.7,2,48.7,1,48.85,4,2,2316,2025-06-20
2025-06-20 09:14:32.470049,48.7,1,48.65,2,48.8,2,2,2316,2025-06-20
2025-06-20 09:14:33.924974,48.65,1,48.6,4,48.75,2,2,2316,2025-06-20
2025-06-20 09:14:37.379141,48.6,2,48.55,7,48.7,2,2,2316,2025-06-20
2025-06-20 09:14:38.064687,48.6,1,48.55,7,48.65,2,2,2316,2025-06-20
2025-06-20 09:15:05.189470,48.6,1,48.55,6,48.6,1,1,2316,2025-06-20
2025-06-20 09:15:05.220165,48.6,1,48.55,6,48.7,3,1,2316,2025-06-20
2025-06-20 09:15:18.807791,48.7,5,48.6,9,48.75,10,1,2316,2025-06-20
2025-06-20 09:15:18.856598,48.75,4,48.65,6,48.75,4,1,2316,2025-06-20
2025-06-20 09:15:18.888739,48.75,4,48.65,5,48.8,3,1,2316,2025-06-20
2025-06-20 09:15:19.020756,48.8,2,48.7,4,48.85,10,1,2316,2025-06-20
2025-06-20 09:15:19.190666,48.85,1,48.8,2,48.85,8,1,2316,2025-06-20
2025-06-20 09:15:19.191372,48.85,8,48.8,2,48.9,7,1,2316,2025-06-20
2025-06-20 09:15:19.223227,48.9,6,48.8,4,48.9,7,1,2316,2025-06-20
2025-06-20 09:15:20.197459,48.9,1,48.85,2,49.0,6,1,2316,2025-06-20
2025-06-20 09:15:24.774631,49.0,1,48.85,5,49.0,4,1,2316,2025-06-20
2025-06-20 09:16:04.065864,48.9,1,48.85,3,48.95,1,2,2316,2025-06-20
2025-06-20 09:16:06.883382,48.95,1,48.95,4,49.0,16,1,2316,2025-06-20
2025-06-20 09:16:14.673737,48.95,2,48.95,2,49.0,17,2,2316,2025-06-20
2025-06-20 09:16:14.700037,48.95,1,48.95,1,49.0,17,2,2316,2025-06-20
2025-06-20 09:16:14.702572,48.95,1,48.9,1,48.95,1,2,2316,2025-06-20
2025-06-20 09:16:20.531461,48.9,1,48.85,2,48.95,2,2,2316,2025-06-20
2025-06-20 09:16:25.631351,48.85,2,48.8,1,48.9,1,2,2316,2025-06-20
2025-06-20 09:16:40.590105,48.8,1,48.7,1,48.85,2,1,2316,2025-06-20
2025-06-20 09:16:54.883682,48.75,1,48.7,1,48.8,1,2,2316,2025-06-20
2025-06-20 09:16:57.188987,48.7,1,48.65,2,48.8,2,2,2316,2025-06-20
2025-06-20 09:17:17.702206,48.65,4,48.5,6,48.55,3,2,2316,2025-06-20
2025-06-20 09:17:17.702206,48.6,1,48.5,6,48.55,3,2,2316,2025-06-20
2025-06-20 09:17:17.702206,48.55,7,48.5,6,48.55,3,2,2316,2025-06-20
2025-06-20 09:17:17.723972,48.55,1,48.5,6,48.55,2,1,2316,2025-06-20
2025-06-20 09:17:17.723999,48.55,1,48.5,6,48.55,1,1,2316,2025-06-20
2025-06-20 09:17:17.725367,48.5,1,48.5,5,48.55,1,2,2316,2025-06-20
2025-06-20 09:17:17.744906,48.5,1,48.5,4,48.55,1,2,2316,2025-06-20
2025-06-20 09:17:25.890154,48.55,1,48.5,2,48.7,1,1,2316,2025-06-20
2025-06-20 09:17:29.539381,48.5,1,48.5,4,48.75,2,2,2316,2025-06-20
2025-06-20 09:17:36.644202,48.5,2,48.5,1,48.7,2,2,2316,2025-06-20
2025-06-20 09:17:38.257776,48.65,1,48.5,2,48.7,2,1,2316,2025-06-20
2025-06-20 09:17:38.571374,48.75,1,48.5,3,48.75,1,1,2316,2025-06-20
2025-06-20 09:17:38.571374,48.8,1,48.5,3,48.75,1,1,2316,2025-06-20
2025-06-20 09:18:14.351015,48.6,1,48.6,3,48.75,2,2,2316,2025-06-20
2025-06-20 09:18:23.342854,48.6,3,48.5,1,48.55,1,2,2316,2025-06-20
2025-06-20 09:18:23.342854,48.55,1,48.5,1,48.55,1,2,2316,2025-06-20
2025-06-20 09:18:23.365606,48.55,1,48.5,1,48.55,1,1,2316,2025-06-20
2025-06-20 09:19:12.479911,48.55,1,48.55,1,48.7,1,2,2316,2025-06-20
2025-06-20 09:19:23.692606,48.55,1,48.5,4,48.55,5,2,2316,2025-06-20
2025-06-20 09:19:23.729254,48.55,5,48.5,3,48.7,1,1,2316,2025-06-20
2025-06-20 09:19:47.772587,48.55,1,48.55,2,48.7,1,2,2316,2025-06-20
2025-06-20 09:20:03.536684,48.55,2,48.5,3,48.7,1,2,2316,2025-06-20
2025-06-20 09:20:07.504784,48.5,3,48.35,17,48.55,1,2,2316,2025-06-20
2025-06-20 09:20:07.504784,48.45,4,48.35,17,48.55,1,2,2316,2025-06-20
2025-06-20 09:20:07.504784,48.4,1,48.35,17,48.55,1,2,2316,2025-06-20
2025-06-20 09:20:07.504784,48.35,2,48.35,17,48.55,1,2,2316,2025-06-20
2025-06-20 09:20:09.947127,48.5,1,48.35,19,48.5,1,1,2316,2025-06-20
2025-06-20 09:20:11.238960,48.55,1,48.35,19,48.55,4,1,2316,2025-06-20
2025-06-20 09:20:48.291734,48.5,1,48.45,1,48.55,6,2,2316,2025-06-20
2025-06-20 09:21:27.614212,48.45,2,48.4,5,48.5,2,2,2316,2025-06-20
2025-06-20 09:21:27.655926,48.4,2,48.4,3,48.5,4,2,2316,2025-06-20
2025-06-20 09:21:27.677927,48.4,1,48.4,3,48.5,5,2,2316,2025-06-20
2025-06-20 09:21:40.850034,48.4,1,48.4,1,48.5,5,2,2316,2025-06-20
2025-06-20 09:21:49.093608,48.4,1,48.4,5,48.5,7,2,2316,2025-06-20
2025-06-20 09:22:14.233726,48.4,1,48.4,4,48.5,7,2,2316,2025-06-20
2025-06-20 09:22:14.258384,48.4,4,48.35,19,48.5,7,2,2316,2025-06-20
2025-06-20 09:22:14.338378,48.35,2,48.35,19,48.45,4,2,2316,2025-06-20
2025-06-20 09:22:44.930637,48.35,1,48.35,14,48.45,6,2,2316,2025-06-20
2025-06-20 09:23:30.900605,48.4,1,48.35,14,48.4,2,1,2316,2025-06-20
2025-06-20 09:23:41.808205,48.35,10,48.35,4,48.4,2,2,2316,2025-06-20
2025-06-20 09:23:41.836111,48.35,2,48.35,2,48.4,2,2,2316,2025-06-20
2025-06-20 09:23:41.836171,48.35,1,48.35,1,48.4,2,2,2316,2025-06-20
2025-06-20 09:23:41.866415,48.35,1,48.3,4,48.4,2,2,2316,2025-06-20
2025-06-20 09:23:42.503012,48.35,2,48.3,6,48.35,1,1,2316,2025-06-20
2025-06-20 09:23:50.006435,48.35,1,48.3,6,48.4,1,1,2316,2025-06-20
2025-06-20 09:23:50.006435,48.4,1,48.3,6,48.4,1,1,2316,2025-06-20
2025-06-20 09:24:34.195111,48.4,1,48.35,5,48.4,3,1,2316,2025-06-20
2025-06-20 09:24:57.772021,48.4,2,48.35,5,48.4,1,1,2316,2025-06-20
2025-06-20 09:24:57.874866,48.4,1,48.35,5,48.55,2,1,2316,2025-06-20
2025-06-20 09:25:29.103627,48.4,2,48.35,7,48.55,4,1,2316,2025-06-20
2025-06-20 09:25:57.223371,48.4,3,48.4,2,48.5,1,2,2316,2025-06-20
2025-06-20 09:26:30.913408,48.4,1,48.4,3,48.5,1,2,2316,2025-06-20
2025-06-20 09:27:28.895150,48.45,1,48.4,6,48.5,3,2,2316,2025-06-20
2025-06-20 09:27:28.895150,48.4,3,48.4,6,48.5,3,2,2316,2025-06-20
2025-06-20 09:27:29.519018,48.45,1,48.4,6,48.45,4,1,2316,2025-06-20
2025-06-20 09:27:37.717080,48.45,4,48.45,11,48.5,1,1,2316,2025-06-20
2025-06-20 09:27:37.776280,48.5,1,48.45,11,48.55,1,1,2316,2025-06-20
2025-06-20 09:27:38.611317,48.55,1,48.45,11,48.7,5,1,2316,2025-06-20
2025-06-20 09:28:03.650569,48.6,1,48.5,1,48.65,1,1,2316,2025-06-20
2025-06-20 09:28:26.082481,48.7,2,48.65,1,48.7,3,1,2316,2025-06-20
2025-06-20 09:28:26.214623,48.7,3,48.65,3,48.7,3,1,2316,2025-06-20
2025-06-20 09:28:32.221111,48.75,1,48.7,2,48.75,2,1,2316,2025-06-20
2025-06-20 09:28:35.235771,48.75,1,48.7,2,48.75,1,1,2316,2025-06-20
2025-06-20 09:28:37.365272,48.75,1,48.7,2,48.8,6,1,2316,2025-06-20
2025-06-20 09:28:47.244080,48.75,1,48.7,4,48.8,7,2,2316,2025-06-20
2025-06-20 09:28:55.420651,48.75,1,48.7,5,48.75,2,1,2316,2025-06-20
2025-06-20 09:29:13.348643,48.7,1,48.7,3,48.75,2,2,2316,2025-06-20
2025-06-20 09:29:14.509120,48.7,2,48.7,1,48.75,2,2,2316,2025-06-20
2025-06-20 09:29:28.464821,48.7,1,48.6,1,48.75,5,2,2316,2025-06-20
2025-06-20 09:29:28.464821,48.65,2,48.6,1,48.75,5,2,2316,2025-06-20
2025-06-20 09:29:37.607281,48.65,1,48.6,1,48.7,4,1,2316,2025-06-20
2025-06-20 09:29:58.961347,48.65,1,48.6,5,48.7,2,1,2316,2025-06-20
2025-06-20 09:30:00.178798,48.6,1,48.6,4,48.7,2,2,2316,2025-06-20
2025-06-20 09:30:52.193500,48.6,2,48.6,5,48.65,2,2,2316,2025-06-20
2025-06-20 09:31:00.555883,48.65,2,48.6,4,48.7,2,1,2316,2025-06-20
2025-06-20 09:31:17.775190,48.65,1,48.65,1,48.7,2,2,2316,2025-06-20
2025-06-20 09:31:46.250303,48.65,1,48.65,5,48.7,3,2,2316,2025-06-20
2025-06-20 09:31:49.779670,48.65,1,48.65,4,48.7,3,2,2316,2025-06-20
2025-06-20 09:31:52.258214,48.65,1,48.65,3,48.7,3,2,2316,2025-06-20
2025-06-20 09:32:11.877553,48.65,3,48.6,8,48.7,3,2,2316,2025-06-20
2025-06-20 09:32:30.267739,48.7,1,48.6,8,48.7,5,1,2316,2025-06-20
2025-06-20 09:32:33.194914,48.6,1,48.6,7,48.7,5,2,2316,2025-06-20
2025-06-20 09:33:42.314996,48.6,1,48.6,6,48.7,5,2,2316,2025-06-20
2025-06-20 09:34:02.950259,48.6,1,48.6,6,48.7,5,2,2316,2025-06-20
2025-06-20 09:34:20.148688,48.6,2,48.6,8,48.65,1,2,2316,2025-06-20
2025-06-20 09:34:23.457305,48.6,1,48.6,7,48.65,3,2,2316,2025-06-20
2025-06-20 09:35:30.372039,48.6,2,48.6,5,48.65,5,2,2316,2025-06-20
2025-06-20 09:35:33.077111,48.6,1,48.6,4,48.65,5,2,2316,2025-06-20
2025-06-20 09:35:37.981235,48.6,4,48.6,1,48.65,6,2,2316,2025-06-20
2025-06-20 09:35:58.105156,48.6,1,48.55,5,48.65,10,2,2316,2025-06-20
2025-06-20 09:35:59.489627,48.55,1,48.55,4,48.6,2,2,2316,2025-06-20
2025-06-20 09:35:59.537862,48.55,1,48.55,3,48.6,4,2,2316,2025-06-20
2025-06-20 09:36:06.895631,48.55,2,48.55,2,48.6,2,2,2316,2025-06-20
2025-06-20 09:36:10.892023,48.55,1,48.55,1,48.6,2,2,2316,2025-06-20
2025-06-20 09:36:35.605399,48.55,1,48.55,1,48.6,4,2,2316,2025-06-20
2025-06-20 09:36:38.674167,48.55,1,48.5,2,48.6,4,2,2316,2025-06-20
2025-06-20 09:36:38.674167,48.5,4,48.5,2,48.6,4,2,2316,2025-06-20
2025-06-20 09:36:59.295185,48.5,1,48.5,2,48.55,3,2,2316,2025-06-20
2025-06-20 09:37:01.314380,48.5,1,48.5,1,48.55,3,2,2316,2025-06-20
2025-06-20 09:37:11.465065,48.5,1,48.45,11,48.55,4,2,2316,2025-06-20
2025-06-20 09:38:00.540529,48.45,1,48.45,12,48.5,15,2,2316,2025-06-20
2025-06-20 09:38:12.247993,48.45,1,48.45,11,48.5,15,2,2316,2025-06-20
2025-06-20 09:38:29.853326,48.45,1,48.45,10,48.5,15,2,2316,2025-06-20
2025-06-20 09:38:41.341633,48.5,1,48.45,10,48.5,14,1,2316,2025-06-20
2025-06-20 09:38:45.362173,48.5,2,48.45,10,48.5,12,1,2316,2025-06-20
2025-06-20 09:38:45.391185,48.5,6,48.45,10,48.5,6,1,2316,2025-06-20
2025-06-20 09:38:45.422684,48.5,2,48.45,10,48.5,4,1,2316,2025-06-20
2025-06-20 09:38:45.422694,48.5,1,48.45,10,48.5,3,1,2316,2025-06-20
2025-06-20 09:38:45.425772,48.5,3,48.45,10,48.55,5,1,2316,2025-06-20
2025-06-20 09:38:45.532081,48.55,5,48.5,4,48.6,3,1,2316,2025-06-20
2025-06-20 09:38:45.576211,48.6,1,48.55,1,48.6,2,1,2316,2025-06-20
2025-06-20 09:39:19.022178,48.55,1,48.55,8,48.6,3,2,2316,2025-06-20
2025-06-20 09:39:49.252626,48.55,1,48.55,5,48.6,9,2,2316,2025-06-20
2025-06-20 09:39:53.366202,48.55,1,48.55,5,48.6,10,2,2316,2025-06-20
2025-06-20 09:39:55.175931,48.55,1,48.55,4,48.6,10,2,2316,2025-06-20
2025-06-20 09:39:56.156768,48.55,4,48.45,6,48.6,10,2,2316,2025-06-20
2025-06-20 09:39:56.156768,48.45,4,48.45,6,48.6,10,2,2316,2025-06-20
2025-06-20 09:40:39.119088,48.55,1,48.5,1,48.55,2,1,2316,2025-06-20
2025-06-20 09:41:19.830543,48.5,1,48.5,3,48.55,4,2,2316,2025-06-20
2025-06-20 09:41:25.583589,48.5,3,48.45,6,48.5,3,2,2316,2025-06-20
2025-06-20 09:41:28.796613,48.5,1,48.45,6,48.5,2,1,2316,2025-06-20
2025-06-20 09:41:45.486670,48.45,2,48.45,4,48.5,2,2,2316,2025-06-20
2025-06-20 09:42:19.078618,48.45,2,48.45,2,48.5,2,2,2316,2025-06-20
2025-06-20 09:42:19.106014,48.45,2,48.4,2,48.5,2,2,2316,2025-06-20
2025-06-20 09:43:00.258855,48.45,1,48.4,5,48.45,1,1,2316,2025-06-20
2025-06-20 09:43:00.897778,48.4,2,48.4,3,48.45,1,2,2316,2025-06-20
2025-06-20 09:43:00.932115,48.45,1,48.4,3,48.5,2,1,2316,2025-06-20
2025-06-20 09:44:24.011334,48.45,2,48.4,3,48.5,7,2,2316,2025-06-20
2025-06-20 09:45:15.883309,48.4,1,48.4,2,48.5,11,2,2316,2025-06-20
2025-06-20 09:45:15.920524,48.4,2,48.35,6,48.5,11,2,2316,2025-06-20
2025-06-20 09:45:28.532097,48.35,1,48.35,7,48.45,1,2,2316,2025-06-20
2025-06-20 09:45:46.016400,48.35,1,48.35,6,48.4,2,2,2316,2025-06-20
2025-06-20 09:45:47.964694,48.35,2,48.35,4,48.4,2,2,2316,2025-06-20
2025-06-20 09:45:53.824010,48.35,1,48.35,3,48.4,2,2,2316,2025-06-20
2025-06-20 09:45:56.381365,48.35,2,48.35,1,48.4,2,2,2316,2025-06-20
2025-06-20 09:45:59.998451,48.35,1,48.35,2,48.4,2,2,2316,2025-06-20
2025-06-20 09:46:10.517359,48.35,2,48.3,2,48.35,4,2,2316,2025-06-20
2025-06-20 09:46:23.690805,48.3,2,48.3,2,48.35,8,2,2316,2025-06-20
2025-06-20 09:46:23.751124,48.3,2,48.25,6,48.35,8,2,2316,2025-06-20
2025-06-20 09:46:24.098456,48.3,1,48.25,6,48.35,8,1,2316,2025-06-20
2025-06-20 09:46:24.864851,48.35,2,48.25,6,48.35,6,1,2316,2025-06-20
2025-06-20 09:48:08.151699,48.25,4,48.25,3,48.35,9,2,2316,2025-06-20
2025-06-20 09:48:17.520267,48.25,1,48.25,2,48.35,15,2,2316,2025-06-20
2025-06-20 09:48:21.737356,48.25,1,48.25,1,48.35,15,2,2316,2025-06-20
2025-06-20 09:48:23.292637,48.25,1,48.2,4,48.35,15,2,2316,2025-06-20
2025-06-20 09:48:26.496320,48.35,15,48.3,2,48.45,2,1,2316,2025-06-20
2025-06-20 09:48:26.653992,48.45,2,48.4,2,48.5,5,1,2316,2025-06-20
2025-06-20 09:48:27.088744,48.4,1,48.4,1,48.5,5,2,2316,2025-06-20
2025-06-20 09:48:27.244055,48.4,1,48.35,4,48.5,5,2,2316,2025-06-20
2025-06-20 09:48:44.854795,48.4,1,48.35,3,48.5,5,1,2316,2025-06-20
2025-06-20 09:48:57.687578,48.4,1,48.35,1,48.5,5,1,2316,2025-06-20
2025-06-20 09:49:17.448972,48.35,1,48.3,3,48.5,5,2,2316,2025-06-20
2025-06-20 09:49:20.684866,48.25,1,48.25,14,48.5,5,2,2316,2025-06-20
2025-06-20 09:49:22.575303,48.3,1,48.3,1,48.5,5,2,2316,2025-06-20
2025-06-20 09:49:38.994578,48.3,1,48.25,15,48.3,1,2,2316,2025-06-20
2025-06-20 09:49:43.999607,48.3,1,48.25,15,48.45,2,1,2316,2025-06-20
2025-06-20 09:50:31.620085,48.4,1,48.3,5,48.5,5,1,2316,2025-06-20
2025-06-20 09:51:06.018840,48.35,3,48.35,2,48.45,1,2,2316,2025-06-20
2025-06-20 09:51:14.243221,48.35,2,48.3,5,48.45,1,2,2316,2025-06-20
2025-06-20 09:52:31.413974,48.35,1,48.35,2,48.4,1,2,2316,2025-06-20
2025-06-20 09:52:35.111389,48.35,1,48.35,1,48.4,1,2,2316,2025-06-20
2025-06-20 09:52:37.698663,48.35,1,48.3,5,48.4,1,2,2316,2025-06-20
2025-06-20 09:53:08.860889,48.35,6,48.3,5,48.45,4,1,2316,2025-06-20
2025-06-20 09:53:13.109381,48.3,2,48.3,3,48.45,4,2,2316,2025-06-20
2025-06-20 09:53:32.753111,48.3,3,48.25,16,48.45,4,2,2316,2025-06-20
2025-06-20 09:53:35.458605,48.3,1,48.25,16,48.45,4,1,2316,2025-06-20
2025-06-20 09:55:08.905712,48.3,1,48.3,4,48.4,1,2,2316,2025-06-20
2025-06-20 09:55:31.020960,48.3,1,48.3,3,48.4,1,2,2316,2025-06-20
2025-06-20 09:55:43.953140,48.35,2,48.3,3,48.4,1,1,2316,2025-06-20
2025-06-20 09:56:38.326706,48.4,1,48.3,8,48.45,3,1,2316,2025-06-20
2025-06-20 09:57:48.745983,48.4,1,48.4,3,48.45,3,2,2316,2025-06-20
2025-06-20 09:58:53.406527,48.45,4,48.45,14,48.5,5,1,2316,2025-06-20
2025-06-20 09:58:53.471993,48.5,5,48.45,14,48.5,5,1,2316,2025-06-20
2025-06-20 09:58:57.837672,48.55,9,48.55,1,48.6,7,1,2316,2025-06-20
2025-06-20 09:58:57.902828,48.6,7,48.55,1,48.7,6,1,2316,2025-06-20
2025-06-20 09:59:10.530277,48.65,1,48.6,1,48.7,9,1,2316,2025-06-20
2025-06-20 09:59:17.351735,48.65,1,48.6,3,48.7,7,2,2316,2025-06-20
2025-06-20 09:59:51.438069,48.7,3,48.65,2,48.7,3,1,2316,2025-06-20
2025-06-20 10:00:02.922256,48.65,1,48.65,1,48.7,3,2,2316,2025-06-20
2025-06-20 10:00:26.582948,48.65,1,48.65,2,48.7,3,2,2316,2025-06-20
2025-06-20 10:00:35.244566,48.65,2,48.6,4,48.7,3,2,2316,2025-06-20
2025-06-20 10:01:02.665577,48.65,1,48.65,14,48.7,2,1,2316,2025-06-20
2025-06-20 10:01:32.328266,48.7,3,48.65,16,48.75,2,1,2316,2025-06-20
2025-06-20 10:01:46.273051,48.7,2,48.65,17,48.75,2,1,2316,2025-06-20
2025-06-20 10:02:04.374113,48.7,1,48.65,17,48.7,4,1,2316,2025-06-20
2025-06-20 10:02:10.449970,48.7,3,48.65,17,48.7,1,1,2316,2025-06-20
2025-06-20 10:02:12.903010,48.7,1,48.65,17,48.75,3,1,2316,2025-06-20
2025-06-20 10:02:28.114649,48.7,1,48.65,17,48.75,4,2,2316,2025-06-20
2025-06-20 10:02:35.492098,48.7,1,48.7,1,48.75,4,2,2316,2025-06-20
2025-06-20 10:02:41.532050,48.7,1,48.65,17,48.75,4,2,2316,2025-06-20
2025-06-20 10:02:49.038680,48.7,1,48.65,17,48.75,4,2,2316,2025-06-20
2025-06-20 10:02:58.393477,48.7,2,48.65,19,48.75,4,2,2316,2025-06-20
2025-06-20 10:03:04.987133,48.7,1,48.65,19,48.75,2,1,2316,2025-06-20
2025-06-20 10:03:04.987133,48.75,1,48.65,19,48.75,2,1,2316,2025-06-20
2025-06-20 10:03:45.890376,48.7,3,48.65,19,48.75,3,2,2316,2025-06-20
2025-06-20 10:03:52.660506,48.7,1,48.65,19,48.75,4,2,2316,2025-06-20
2025-06-20 10:03:54.354905,48.7,1,48.7,1,48.75,4,2,2316,2025-06-20
2025-06-20 10:03:54.392641,48.65,2,48.65,16,48.75,4,2,2316,2025-06-20
2025-06-20 10:03:54.478808,48.65,1,48.65,15,48.7,2,2,2316,2025-06-20
2025-06-20 10:03:54.491524,48.7,1,48.65,16,48.7,2,1,2316,2025-06-20
2025-06-20 10:04:01.877376,48.7,1,48.65,14,48.75,2,2,2316,2025-06-20
2025-06-20 10:04:10.259696,48.65,9,48.65,5,48.7,2,2,2316,2025-06-20
2025-06-20 10:04:10.337744,48.65,4,48.65,1,48.7,3,2,2316,2025-06-20
2025-06-20 10:04:10.374852,48.65,1,48.6,4,48.7,4,2,2316,2025-06-20
2025-06-20 10:04:47.046755,48.65,4,48.6,5,48.65,1,2,2316,2025-06-20
2025-06-20 10:04:57.359423,48.6,1,48.6,4,48.65,1,2,2316,2025-06-20
2025-06-20 10:05:06.164555,48.6,1,48.6,3,48.65,1,2,2316,2025-06-20
2025-06-20 10:05:06.196074,48.6,3,48.55,2,48.65,1,2,2316,2025-06-20
2025-06-20 10:06:14.951082,48.6,1,48.55,3,48.6,1,1,2316,2025-06-20
2025-06-20 10:06:29.327405,48.55,1,48.55,2,48.6,1,2,2316,2025-06-20
2025-06-20 10:07:57.471131,48.55,1,48.55,1,48.6,4,2,2316,2025-06-20
2025-06-20 10:08:05.711654,48.55,1,48.5,1,48.6,4,2,2316,2025-06-20
2025-06-20 10:11:58.821320,48.5,1,48.5,1,48.55,3,2,2316,2025-06-20
2025-06-20 10:13:14.277346,48.5,1,48.5,2,48.55,4,2,2316,2025-06-20
2025-06-20 10:13:25.052285,48.5,1,48.5,1,48.55,4,2,2316,2025-06-20
2025-06-20 10:13:41.120023,48.5,1,48.4,2,48.55,5,2,2316,2025-06-20
2025-06-20 10:21:37.123572,48.45,2,48.35,20,48.5,29,2,2316,2025-06-20
2025-06-20 10:21:37.123572,48.4,2,48.35,20,48.5,29,2,2316,2025-06-20
2025-06-20 10:21:37.123572,48.35,1,48.35,20,48.5,29,2,2316,2025-06-20
2025-06-20 10:22:31.300261,48.35,10,48.35,10,48.45,7,2,2316,2025-06-20
2025-06-20 10:22:31.866848,48.35,7,48.35,3,48.45,7,2,2316,2025-06-20
2025-06-20 10:22:40.123889,48.35,1,48.35,2,48.45,7,2,2316,2025-06-20
2025-06-20 10:22:50.072882,48.35,1,48.35,1,48.45,7,2,2316,2025-06-20
2025-06-20 10:23:15.226920,48.35,1,48.3,13,48.45,7,2,2316,2025-06-20
2025-06-20 10:23:41.378416,48.35,1,48.25,3,48.3,4,2,2316,2025-06-20
2025-06-20 10:23:41.378416,48.3,13,48.25,3,48.3,4,2,2316,2025-06-20
2025-06-20 10:23:41.395407,48.3,1,48.25,3,48.3,3,1,2316,2025-06-20
2025-06-20 10:23:50.896151,48.25,3,48.25,1,48.3,6,2,2316,2025-06-20
2025-06-20 10:24:01.771048,48.25,1,48.25,4,48.3,6,2,2316,2025-06-20
2025-06-20 10:24:08.992786,48.3,2,48.25,19,48.3,4,1,2316,2025-06-20
2025-06-20 10:24:13.421550,48.3,1,48.25,19,48.3,3,1,2316,2025-06-20
2025-06-20 10:24:56.326501,48.3,1,48.25,19,48.35,1,1,2316,2025-06-20
2025-06-20 10:25:26.909431,48.3,1,48.25,19,48.35,2,2,2316,2025-06-20
2025-06-20 10:25:31.510414,48.3,1,48.25,20,48.35,2,1,2316,2025-06-20
2025-06-20 10:26:28.991550,48.3,1,48.25,16,48.35,2,2,2316,2025-06-20
2025-06-20 10:26:28.991550,48.25,4,48.25,16,48.35,2,2,2316,2025-06-20
2025-06-20 10:27:05.558201,48.25,13,48.25,2,48.35,2,2,2316,2025-06-20
2025-06-20 10:27:05.675356,48.25,1,48.25,1,48.35,3,2,2316,2025-06-20
2025-06-20 10:27:30.842857,48.25,1,48.2,6,48.35,2,2,2316,2025-06-20
2025-06-20 10:27:54.029053,48.25,1,48.2,2,48.3,1,2,2316,2025-06-20
2025-06-20 10:27:54.029053,48.2,4,48.2,2,48.3,1,2,2316,2025-06-20
2025-06-20 10:28:41.080065,48.25,1,48.2,6,48.3,3,1,2316,2025-06-20
2025-06-20 10:29:08.502844,48.3,3,48.25,1,48.45,2,1,2316,2025-06-20
2025-06-20 10:30:45.981398,48.45,1,48.35,2,48.5,8,1,2316,2025-06-20
2025-06-20 10:30:46.194391,48.45,1,48.35,2,48.5,8,2,2316,2025-06-20
2025-06-20 10:31:45.224914,48.5,8,48.4,2,48.55,1,1,2316,2025-06-20
2025-06-20 10:31:54.408988,48.55,1,48.45,5,48.6,2,1,2316,2025-06-20
2025-06-20 10:32:29.109083,48.55,1,48.5,1,48.6,2,1,2316,2025-06-20
2025-06-20 10:32:46.923596,48.6,1,48.55,2,48.6,1,1,2316,2025-06-20
2025-06-20 10:33:02.535137,48.6,1,48.55,2,48.65,21,1,2316,2025-06-20
2025-06-20 10:33:14.244097,48.65,1,48.6,2,48.65,20,1,2316,2025-06-20
2025-06-20 10:33:15.986503,48.6,1,48.6,1,48.65,20,2,2316,2025-06-20
2025-06-20 10:33:16.006884,48.6,1,48.55,2,48.65,20,2,2316,2025-06-20
2025-06-20 10:33:30.840569,48.55,2,48.5,1,48.6,3,2,2316,2025-06-20
2025-06-20 10:34:33.161079,48.6,1,48.55,8,48.6,4,1,2316,2025-06-20
2025-06-20 10:34:54.106137,48.6,4,48.55,8,48.6,1,1,2316,2025-06-20
2025-06-20 10:35:05.814481,48.6,1,48.55,8,48.65,21,1,2316,2025-06-20
2025-06-20 10:35:29.336194,48.6,1,48.55,8,48.65,21,2,2316,2025-06-20
2025-06-20 10:35:49.437149,48.6,4,48.55,8,48.6,1,2,2316,2025-06-20
2025-06-20 10:36:08.574897,48.6,1,48.55,8,48.65,21,1,2316,2025-06-20
2025-06-20 10:36:29.463536,48.55,5,48.55,6,48.6,1,2,2316,2025-06-20
2025-06-20 10:36:52.187815,48.6,1,48.55,6,48.65,21,1,2316,2025-06-20
2025-06-20 10:40:03.024123,48.6,1,48.55,6,48.6,5,1,2316,2025-06-20
2025-06-20 10:40:03.911857,48.55,7,48.5,4,48.55,5,2,2316,2025-06-20
2025-06-20 10:41:02.805625,48.5,2,48.5,2,48.55,6,2,2316,2025-06-20
2025-06-20 10:41:02.832851,48.5,2,48.45,5,48.55,6,2,2316,2025-06-20
2025-06-20 10:42:19.536603,48.45,3,48.4,3,48.5,2,2,2316,2025-06-20
2025-06-20 10:42:41.015293,48.4,1,48.4,1,48.5,4,2,2316,2025-06-20
2025-06-20 10:43:35.411622,48.5,1,48.4,1,48.5,1,1,2316,2025-06-20
2025-06-20 10:44:54.981250,48.4,1,48.35,5,48.45,4,2,2316,2025-06-20
2025-06-20 10:45:06.530772,48.4,1,48.35,5,48.45,4,2,2316,2025-06-20
2025-06-20 10:45:21.440749,48.4,1,48.35,5,48.4,2,1,2316,2025-06-20
2025-06-20 10:45:51.063061,48.35,1,48.35,2,48.4,4,2,2316,2025-06-20
2025-06-20 10:45:52.810891,48.35,2,48.3,16,48.4,6,2,2316,2025-06-20
2025-06-20 10:47:39.467388,48.35,1,48.3,17,48.35,6,1,2316,2025-06-20
2025-06-20 10:47:49.542574,48.35,5,48.3,17,48.35,1,1,2316,2025-06-20
2025-06-20 10:49:14.137200,48.3,4,48.3,13,48.35,2,2,2316,2025-06-20
2025-06-20 10:50:24.260584,48.35,1,48.3,13,48.4,3,1,2316,2025-06-20
2025-06-20 10:52:35.827986,48.35,2,48.3,15,48.35,2,1,2316,2025-06-20
2025-06-20 10:52:52.047774,48.3,2,48.3,13,48.35,5,2,2316,2025-06-20
2025-06-20 10:52:52.113293,48.3,1,48.3,12,48.35,6,2,2316,2025-06-20
2025-06-20 10:52:52.146090,48.3,12,48.3,13,48.35,6,2,2316,2025-06-20
2025-06-20 10:53:52.697596,48.25,12,48.25,9,48.3,3,2,2316,2025-06-20
2025-06-20 10:53:52.718414,48.25,9,48.2,2,48.3,3,2,2316,2025-06-20
2025-06-20 10:53:52.799381,48.2,1,48.2,1,48.25,3,2,2316,2025-06-20
2025-06-20 10:53:52.822644,48.2,1,48.15,9,48.25,3,2,2316,2025-06-20
2025-06-20 10:53:56.156754,48.15,4,48.15,5,48.25,3,2,2316,2025-06-20
2025-06-20 10:54:14.629898,48.2,1,48.15,5,48.25,5,2,2316,2025-06-20
2025-06-20 10:54:26.687108,48.15,1,48.15,4,48.2,1,2,2316,2025-06-20
2025-06-20 10:55:15.706352,48.15,5,48.1,11,48.2,1,2,2316,2025-06-20
2025-06-20 10:55:16.829783,48.2,1,48.1,11,48.25,2,1,2316,2025-06-20
2025-06-20 10:55:17.678527,48.25,1,48.1,11,48.25,1,1,2316,2025-06-20
2025-06-20 10:56:15.316561,48.15,1,48.15,4,48.2,1,2,2316,2025-06-20
2025-06-20 10:57:00.705462,48.15,1,48.15,3,48.2,1,2,2316,2025-06-20
2025-06-20 10:57:07.472864,48.15,1,48.15,2,48.2,1,2,2316,2025-06-20
2025-06-20 10:59:03.366999,48.15,1,48.15,18,48.2,8,2,2316,2025-06-20
2025-06-20 10:59:13.097989,48.15,5,48.15,14,48.2,3,2,2316,2025-06-20
2025-06-20 10:59:53.935728,48.15,1,48.15,13,48.2,3,2,2316,2025-06-20
2025-06-20 10:59:58.116309,48.15,2,48.15,11,48.2,3,2,2316,2025-06-20
2025-06-20 11:00:01.419997,48.2,1,48.15,11,48.2,2,1,2316,2025-06-20
2025-06-20 11:00:20.156722,48.2,1,48.15,11,48.2,1,1,2316,2025-06-20
2025-06-20 11:00:39.346607,48.2,1,48.15,10,48.25,2,1,2316,2025-06-20
2025-06-20 11:00:52.561330,48.2,1,48.2,3,48.25,1,2,2316,2025-06-20
2025-06-20 11:00:53.781885,48.2,1,48.2,2,48.25,2,2,2316,2025-06-20
2025-06-20 11:01:08.043210,48.2,2,48.2,1,48.25,2,2,2316,2025-06-20
2025-06-20 11:01:08.071407,48.2,1,48.15,10,48.25,2,2,2316,2025-06-20
2025-06-20 11:01:27.100353,48.2,2,48.2,1,48.25,2,2,2316,2025-06-20
2025-06-20 11:03:05.107837,48.2,1,48.2,1,48.25,2,2,2316,2025-06-20
2025-06-20 11:03:14.238757,48.2,1,48.2,1,48.25,2,2,2316,2025-06-20
2025-06-20 11:03:30.432224,48.2,1,48.15,11,48.2,1,2,2316,2025-06-20
2025-06-20 11:04:37.882756,48.2,2,48.15,11,48.2,2,1,2316,2025-06-20
2025-06-20 11:06:04.523849,48.2,1,48.2,6,48.25,2,2,2316,2025-06-20
2025-06-20 11:06:05.765900,48.2,6,48.15,26,48.25,2,2,2316,2025-06-20
2025-06-20 11:06:34.338888,48.15,1,48.15,25,48.25,2,2,2316,2025-06-20
2025-06-20 11:07:18.480931,48.15,2,48.15,24,48.25,2,2,2316,2025-06-20
2025-06-20 11:08:02.087100,48.15,4,48.15,19,48.25,2,2,2316,2025-06-20
2025-06-20 11:08:29.834881,48.15,1,48.15,18,48.25,2,2,2316,2025-06-20
2025-06-20 11:10:57.533059,48.15,1,48.15,19,48.2,7,2,2316,2025-06-20
2025-06-20 11:17:30.310570,48.2,1,48.15,21,48.2,6,1,2316,2025-06-20
2025-06-20 11:18:08.514591,48.15,1,48.15,20,48.2,7,2,2316,2025-06-20
2025-06-20 11:19:10.660809,48.15,2,48.15,19,48.2,7,2,2316,2025-06-20
2025-06-20 11:21:14.779677,48.15,4,48.15,14,48.2,7,2,2316,2025-06-20
2025-06-20 11:21:14.807366,48.15,13,48.1,14,48.2,7,2,2316,2025-06-20
2025-06-20 11:21:21.044010,48.1,2,48.1,12,48.15,6,2,2316,2025-06-20
2025-06-20 11:21:21.074532,48.1,2,48.1,10,48.15,6,2,2316,2025-06-20
2025-06-20 11:21:21.116129,48.1,1,48.1,9,48.15,6,2,2316,2025-06-20
2025-06-20 11:21:21.149298,48.1,2,48.1,9,48.15,6,2,2316,2025-06-20
2025-06-20 11:22:01.310699,48.1,1,48.1,7,48.15,4,2,2316,2025-06-20
2025-06-20 11:22:06.459958,48.1,3,48.1,4,48.15,4,2,2316,2025-06-20
2025-06-20 11:22:06.531861,48.1,1,48.1,3,48.15,4,2,2316,2025-06-20
2025-06-20 11:22:09.725846,48.1,3,48.05,8,48.15,4,2,2316,2025-06-20
2025-06-20 11:22:41.484318,48.05,1,48.05,7,48.1,4,2,2316,2025-06-20
2025-06-20 11:22:41.505923,48.05,7,48.0,33,48.1,4,2,2316,2025-06-20
2025-06-20 11:22:49.818459,48.0,10,48.0,23,48.1,4,2,2316,2025-06-20
2025-06-20 11:22:50.919637,48.0,20,48.0,3,48.05,4,2,2316,2025-06-20
2025-06-20 11:22:50.946395,48.0,3,47.95,9,48.05,4,2,2316,2025-06-20
2025-06-20 11:22:51.528332,48.05,1,47.95,9,48.05,3,1,2316,2025-06-20
2025-06-20 11:22:52.273854,48.05,1,47.95,9,48.05,3,1,2316,2025-06-20
2025-06-20 11:22:58.124169,48.0,1,47.95,9,48.0,7,1,2316,2025-06-20
2025-06-20 11:23:00.000541,47.95,1,47.95,8,48.0,7,2,2316,2025-06-20
2025-06-20 11:23:00.031466,47.95,8,47.9,8,47.95,12,2,2316,2025-06-20
2025-06-20 11:23:04.144316,47.9,3,47.9,5,47.95,13,2,2316,2025-06-20
2025-06-20 11:23:04.168834,47.9,5,47.85,1,47.95,13,2,2316,2025-06-20
2025-06-20 11:23:10.846963,47.9,4,47.85,16,47.95,12,1,2316,2025-06-20
2025-06-20 11:23:16.577928,47.9,2,47.85,16,47.95,12,1,2316,2025-06-20
2025-06-20 11:23:36.134252,47.9,1,47.9,5,47.95,13,2,2316,2025-06-20
2025-06-20 11:23:44.543088,47.9,1,47.9,4,47.95,13,2,2316,2025-06-20
2025-06-20 11:23:45.117560,47.9,1,47.9,3,47.95,13,2,2316,2025-06-20
2025-06-20 11:23:45.680442,47.9,1,47.9,2,47.95,13,2,2316,2025-06-20
2025-06-20 11:23:46.501495,47.9,1,47.9,1,47.95,13,2,2316,2025-06-20
2025-06-20 11:23:48.158966,47.9,1,47.85,7,47.95,13,2,2316,2025-06-20
2025-06-20 11:23:48.158966,47.85,9,47.85,7,47.95,13,2,2316,2025-06-20
2025-06-20 11:23:49.363615,47.85,2,47.85,5,47.9,3,2,2316,2025-06-20
2025-06-20 11:24:08.409812,47.85,1,47.85,4,47.9,3,2,2316,2025-06-20
2025-06-20 11:24:48.618548,47.85,3,47.85,2,47.9,2,2,2316,2025-06-20
2025-06-20 11:25:10.405126,47.85,1,47.85,2,47.9,2,2,2316,2025-06-20
2025-06-20 11:25:20.420325,47.85,1,47.8,12,47.9,3,2,2316,2025-06-20
2025-06-20 11:25:31.533992,47.85,1,47.8,13,47.9,3,1,2316,2025-06-20
2025-06-20 11:25:39.622056,47.9,3,47.85,15,47.95,12,1,2316,2025-06-20
2025-06-20 11:26:10.512246,47.9,1,47.85,15,47.95,12,1,2316,2025-06-20
2025-06-20 11:26:11.335670,47.85,4,47.85,11,47.95,12,2,2316,2025-06-20
2025-06-20 11:26:36.108219,47.95,2,47.9,6,47.95,10,1,2316,2025-06-20
2025-06-20 11:26:36.130633,47.95,6,47.9,6,47.95,4,1,2316,2025-06-20
2025-06-20 11:26:36.153679,47.95,4,47.9,7,48.0,6,1,2316,2025-06-20
2025-06-20 11:27:28.587026,48.0,1,47.95,2,48.0,5,1,2316,2025-06-20
2025-06-20 11:28:41.492853,48.0,3,47.95,4,48.05,1,1,2316,2025-06-20
2025-06-20 11:29:16.082110,47.95,4,47.95,1,48.1,1,2,2316,2025-06-20
2025-06-20 11:30:13.892531,47.95,3,47.95,1,48.05,1,2,2316,2025-06-20
2025-06-20 11:32:16.642090,47.95,2,47.95,3,48.05,1,2,2316,2025-06-20
2025-06-20 11:33:34.491286,47.95,1,47.95,12,48.0,1,2,2316,2025-06-20
2025-06-20 11:33:54.798692,48.0,1,48.0,1,48.05,1,1,2316,2025-06-20
2025-06-20 11:34:05.392973,48.0,1,48.0,1,48.05,1,2,2316,2025-06-20
2025-06-20 11:35:08.749301,48.05,1,48.0,3,48.1,2,1,2316,2025-06-20
2025-06-20 11:35:17.757944,48.05,1,48.0,3,48.1,2,1,2316,2025-06-20
2025-06-20 11:35:20.870702,48.0,3,47.95,10,48.1,2,2,2316,2025-06-20
2025-06-20 11:35:20.870702,47.95,1,47.95,10,48.1,2,2,2316,2025-06-20
2025-06-20 11:36:09.705458,48.1,2,48.05,1,48.15,1,1,2316,2025-06-20
2025-06-20 11:36:15.215171,48.15,1,48.05,8,48.2,4,1,2316,2025-06-20
2025-06-20 11:37:02.246282,48.2,1,48.1,4,48.2,3,1,2316,2025-06-20
2025-06-20 11:37:11.521447,48.2,3,48.1,12,48.3,1,1,2316,2025-06-20
2025-06-20 11:38:36.126836,48.3,1,48.25,2,48.3,1,1,2316,2025-06-20
2025-06-20 11:38:38.745196,48.3,1,48.25,10,48.35,5,1,2316,2025-06-20
2025-06-20 11:38:48.111078,48.25,10,48.2,2,48.3,1,2,2316,2025-06-20
2025-06-20 11:38:50.241519,48.2,2,48.15,3,48.3,3,2,2316,2025-06-20
2025-06-20 11:38:54.601452,48.2,1,48.15,3,48.25,2,2,2316,2025-06-20
2025-06-20 11:38:57.910739,48.2,2,48.15,3,48.25,1,2,2316,2025-06-20
2025-06-20 11:39:03.115108,48.2,1,48.15,3,48.25,1,2,2316,2025-06-20
2025-06-20 11:39:59.330084,48.15,2,48.1,2,48.2,3,2,2316,2025-06-20
2025-06-20 11:40:30.498064,48.1,1,48.1,1,48.2,3,2,2316,2025-06-20
2025-06-20 11:40:30.540760,48.1,1,48.05,2,48.2,3,2,2316,2025-06-20
2025-06-20 11:41:35.611660,48.05,1,48.05,1,48.1,1,2,2316,2025-06-20
2025-06-20 11:42:21.155978,48.1,2,48.05,11,48.1,2,1,2316,2025-06-20
2025-06-20 11:42:35.456377,48.1,1,48.05,10,48.1,1,1,2316,2025-06-20
2025-06-20 11:42:41.192174,48.1,1,48.05,10,48.15,2,1,2316,2025-06-20
2025-06-20 11:43:34.664000,48.1,1,48.05,7,48.15,3,2,2316,2025-06-20
2025-06-20 11:43:34.664000,48.05,3,48.05,7,48.15,3,2,2316,2025-06-20
2025-06-20 11:43:45.617559,48.05,4,48.05,3,48.15,3,2,2316,2025-06-20
2025-06-20 11:44:18.360313,48.05,3,48.0,10,48.1,2,2,2316,2025-06-20
2025-06-20 11:44:18.360313,48.0,2,48.0,10,48.1,2,2,2316,2025-06-20
2025-06-20 11:46:28.007569,48.0,10,47.95,4,48.1,4,2,2316,2025-06-20
2025-06-20 11:47:23.511764,48.0,1,48.0,9,48.1,6,2,2316,2025-06-20
2025-06-20 11:49:07.686900,48.05,1,48.05,4,48.1,5,2,2316,2025-06-20
2025-06-20 11:49:08.351367,48.1,5,48.05,4,48.15,2,1,2316,2025-06-20
2025-06-20 11:49:19.131191,48.15,2,48.1,5,48.2,2,1,2316,2025-06-20
2025-06-20 11:49:24.193505,48.2,2,48.15,5,48.25,1,1,2316,2025-06-20
2025-06-20 11:49:24.223931,48.25,1,48.15,5,48.3,4,1,2316,2025-06-20
2025-06-20 11:50:31.795945,48.25,1,48.2,2,48.3,4,2,2316,2025-06-20
2025-06-20 11:50:58.149591,48.25,1,48.2,2,48.3,5,1,2316,2025-06-20
2025-06-20 11:51:52.928913,48.25,2,48.2,5,48.3,6,1,2316,2025-06-20
2025-06-20 11:51:59.849965,48.3,2,48.25,3,48.3,4,1,2316,2025-06-20
2025-06-20 11:51:59.866644,48.3,4,48.25,3,48.35,4,1,2316,2025-06-20
2025-06-20 11:52:05.757128,48.35,4,48.25,3,48.5,6,1,2316,2025-06-20
2025-06-20 11:53:30.756280,48.45,1,48.45,4,48.5,4,1,2316,2025-06-20
2025-06-20 11:53:39.043505,48.5,4,48.5,1,48.55,5,1,2316,2025-06-20
2025-06-20 11:53:41.559895,48.55,4,48.5,5,48.55,1,1,2316,2025-06-20
2025-06-20 11:53:41.589357,48.55,1,48.5,5,48.6,11,1,2316,2025-06-20
2025-06-20 11:53:54.056498,48.55,1,48.5,4,48.6,11,1,2316,2025-06-20
2025-06-20 11:53:55.307781,48.55,1,48.5,4,48.6,11,1,2316,2025-06-20
2025-06-20 11:54:01.386239,48.6,4,48.45,4,48.6,7,1,2316,2025-06-20
2025-06-20 11:54:07.574404,48.6,2,48.45,4,48.6,5,1,2316,2025-06-20
2025-06-20 11:54:07.647322,48.6,2,48.45,4,48.6,3,1,2316,2025-06-20
2025-06-20 11:54:19.935676,48.6,2,48.55,4,48.6,2,1,2316,2025-06-20
2025-06-20 11:54:22.652482,48.6,1,48.55,4,48.6,1,1,2316,2025-06-20
2025-06-20 11:54:30.138696,48.6,1,48.55,4,48.65,21,1,2316,2025-06-20
2025-06-20 11:54:45.614653,48.6,2,48.55,4,48.65,22,1,2316,2025-06-20
2025-06-20 11:54:47.898903,48.6,1,48.55,4,48.65,22,2,2316,2025-06-20
2025-06-20 11:54:47.957642,48.55,1,48.55,3,48.65,22,2,2316,2025-06-20
2025-06-20 11:54:48.095509,48.55,1,48.55,2,48.6,1,2,2316,2025-06-20
2025-06-20 11:54:48.124521,48.55,1,48.55,3,48.6,1,2,2316,2025-06-20
2025-06-20 11:55:25.917557,48.6,1,48.55,2,48.6,1,1,2316,2025-06-20
2025-06-20 11:55:37.394941,48.6,1,48.55,3,48.65,21,1,2316,2025-06-20
2025-06-20 11:56:10.027699,48.55,1,48.55,2,48.6,2,2,2316,2025-06-20
2025-06-20 11:56:26.964282,48.55,1,48.55,1,48.6,2,2,2316,2025-06-20
2025-06-20 11:56:35.982391,48.55,1,48.5,1,48.6,2,2,2316,2025-06-20
2025-06-20 11:57:33.595497,48.5,1,48.45,4,48.55,2,2,2316,2025-06-20
2025-06-20 11:58:58.253596,48.5,3,48.5,2,48.6,5,1,2316,2025-06-20
2025-06-20 12:00:32.905319,48.5,1,48.5,1,48.55,8,2,2316,2025-06-20
2025-06-20 12:00:33.850566,48.5,1,48.45,5,48.55,12,2,2316,2025-06-20
2025-06-20 12:00:49.106205,48.45,1,48.45,4,48.55,12,2,2316,2025-06-20
2025-06-20 12:01:01.031942,48.45,1,48.45,3,48.55,14,2,2316,2025-06-20
2025-06-20 12:02:13.615014,48.45,1,48.45,2,48.55,14,2,2316,2025-06-20
2025-06-20 12:03:09.085402,48.45,1,48.45,2,48.55,14,2,2316,2025-06-20
2025-06-20 12:03:38.247622,48.45,2,48.45,1,48.55,6,2,2316,2025-06-20
2025-06-20 12:04:00.208266,48.4,4,48.35,6,48.55,7,2,2316,2025-06-20
2025-06-20 12:06:46.672901,48.35,1,48.35,2,48.4,8,2,2316,2025-06-20
2025-06-20 12:06:46.696590,48.35,1,48.35,1,48.4,8,2,2316,2025-06-20
2025-06-20 12:07:02.701874,48.35,1,48.3,1,48.4,8,2,2316,2025-06-20
2025-06-20 12:08:28.079304,48.35,1,48.3,4,48.4,3,1,2316,2025-06-20
2025-06-20 12:11:45.608277,48.4,2,48.4,1,48.5,1,2,2316,2025-06-20
2025-06-20 12:13:55.063010,48.45,1,48.4,1,48.5,2,2,2316,2025-06-20
2025-06-20 12:13:55.063010,48.4,1,48.4,1,48.5,2,2,2316,2025-06-20
2025-06-20 12:14:15.934257,48.45,1,48.4,1,48.5,2,2,2316,2025-06-20
2025-06-20 12:14:28.135042,48.4,1,48.35,2,48.5,2,2,2316,2025-06-20
2025-06-20 12:14:41.849520,48.4,1,48.35,1,48.5,3,2,2316,2025-06-20
2025-06-20 12:14:41.849520,48.35,1,48.35,1,48.5,3,2,2316,2025-06-20
2025-06-20 12:16:22.939845,48.4,1,48.35,1,48.45,2,1,2316,2025-06-20
2025-06-20 12:19:42.191730,48.4,3,48.35,2,48.45,3,2,2316,2025-06-20
2025-06-20 12:19:45.116058,48.4,1,48.35,2,48.45,3,2,2316,2025-06-20
2025-06-20 12:19:47.091414,48.45,3,48.65,8,48.7,8,1,2316,2025-06-20
2025-06-20 12:19:47.091414,48.5,1,48.65,8,48.7,8,1,2316,2025-06-20
2025-06-20 12:19:47.091414,48.55,2,48.65,8,48.7,8,1,2316,2025-06-20
2025-06-20 12:19:47.091414,48.6,3,48.65,8,48.7,8,1,2316,2025-06-20
2025-06-20 12:19:47.091414,48.65,23,48.65,8,48.7,8,1,2316,2025-06-20
2025-06-20 12:19:47.120014,48.65,1,48.65,7,48.7,8,2,2316,2025-06-20
2025-06-20 12:19:47.120076,48.65,1,48.65,6,48.7,8,2,2316,2025-06-20
2025-06-20 12:19:47.140372,48.7,1,48.65,6,48.7,5,1,2316,2025-06-20
2025-06-20 12:19:52.046949,48.7,5,48.8,11,48.85,4,1,2316,2025-06-20
2025-06-20 12:19:52.046949,48.75,11,48.8,11,48.85,4,1,2316,2025-06-20
2025-06-20 12:19:52.046949,48.8,13,48.8,11,48.85,4,1,2316,2025-06-20
2025-06-20 12:19:52.079235,48.85,2,48.8,11,48.85,2,1,2316,2025-06-20
2025-06-20 12:19:52.079801,48.85,2,48.8,11,48.9,2,1,2316,2025-06-20
2025-06-20 12:19:56.537999,48.9,2,48.85,2,48.95,2,1,2316,2025-06-20
2025-06-20 12:19:56.807239,48.95,2,48.9,1,49.0,25,1,2316,2025-06-20
2025-06-20 12:19:58.605649,49.0,1,48.95,2,49.0,24,1,2316,2025-06-20
2025-06-20 12:19:58.702214,49.0,3,48.95,2,49.0,21,1,2316,2025-06-20
2025-06-20 12:19:58.734419,49.0,2,48.95,2,49.0,19,1,2316,2025-06-20
2025-06-20 12:19:58.812109,49.0,1,48.95,2,49.0,18,1,2316,2025-06-20
2025-06-20 12:19:59.319560,49.0,1,48.95,2,49.0,17,1,2316,2025-06-20
2025-06-20 12:20:03.732964,49.0,1,48.95,1,49.0,16,1,2316,2025-06-20
2025-06-20 12:20:03.778239,49.0,1,48.95,1,49.0,15,1,2316,2025-06-20
2025-06-20 12:20:04.341929,49.0,1,48.95,1,49.0,14,1,2316,2025-06-20
2025-06-20 12:20:04.991234,49.0,1,48.95,1,49.0,13,1,2316,2025-06-20
2025-06-20 12:20:05.468880,49.0,1,48.95,1,49.0,12,1,2316,2025-06-20
2025-06-20 12:20:05.605279,48.95,1,48.9,6,49.0,12,2,2316,2025-06-20
2025-06-20 12:20:08.110046,49.0,1,48.9,1,49.0,17,1,2316,2025-06-20
2025-06-20 12:20:10.617699,49.0,17,49.0,3,49.05,2,1,2316,2025-06-20
2025-06-20 12:20:10.643275,49.05,1,49.0,3,49.05,1,1,2316,2025-06-20
2025-06-20 12:20:14.788527,49.05,1,49.0,4,49.1,3,1,2316,2025-06-20
2025-06-20 12:20:18.379181,49.1,1,49.05,2,49.1,2,1,2316,2025-06-20
2025-06-20 12:20:23.747819,49.05,4,49.0,4,49.1,3,2,2316,2025-06-20
2025-06-20 12:20:23.834082,49.0,3,48.65,1,49.05,1,2,2316,2025-06-20
2025-06-20 12:20:24.137866,49.0,1,48.7,2,49.0,4,1,2316,2025-06-20
2025-06-20 12:20:34.697271,49.05,2,49.05,3,49.1,6,2,2316,2025-06-20
2025-06-20 12:20:34.713963,49.05,1,49.0,3,49.1,6,2,2316,2025-06-20
2025-06-20 12:20:34.736489,49.0,3,48.85,3,49.1,6,2,2316,2025-06-20
2025-06-20 12:20:39.238537,49.0,1,49.0,9,49.1,6,2,2316,2025-06-20
2025-06-20 12:20:40.707235,49.0,2,49.0,7,49.1,7,2,2316,2025-06-20
2025-06-20 12:20:41.078391,49.1,7,49.0,7,49.25,6,1,2316,2025-06-20
2025-06-20 12:20:41.078391,49.15,2,49.0,7,49.25,6,1,2316,2025-06-20
2025-06-20 12:20:41.078391,49.2,7,49.0,7,49.25,6,1,2316,2025-06-20
2025-06-20 12:20:41.078391,49.25,4,49.0,7,49.25,6,1,2316,2025-06-20
2025-06-20 12:20:41.123804,49.25,5,49.05,4,49.25,1,1,2316,2025-06-20
2025-06-20 12:20:41.174940,49.25,1,49.1,4,49.3,13,1,2316,2025-06-20
2025-06-20 12:20:41.246840,49.3,1,49.2,1,49.3,12,1,2316,2025-06-20
2025-06-20 12:20:43.795921,49.3,2,49.2,1,49.3,10,1,2316,2025-06-20
2025-06-20 12:20:51.679126,49.2,2,49.2,1,49.3,12,2,2316,2025-06-20
2025-06-20 12:20:52.488951,49.25,1,49.25,2,49.3,12,2,2316,2025-06-20
2025-06-20 12:20:53.177649,49.3,2,49.25,2,49.3,10,1,2316,2025-06-20
2025-06-20 12:20:58.815742,49.3,5,49.25,2,49.3,6,1,2316,2025-06-20
2025-06-20 12:21:01.013973,49.3,1,49.25,2,49.3,6,1,2316,2025-06-20
2025-06-20 12:21:01.759359,49.3,3,49.25,2,49.3,3,1,2316,2025-06-20
2025-06-20 12:21:02.839953,49.3,1,49.25,2,49.3,2,1,2316,2025-06-20
2025-06-20 12:21:05.194536,49.3,2,49.3,2,49.35,1,1,2316,2025-06-20
2025-06-20 12:21:12.238545,49.3,1,49.3,2,49.35,3,2,2316,2025-06-20
2025-06-20 12:21:12.269117,49.3,2,49.25,3,49.35,3,2,2316,2025-06-20
2025-06-20 12:21:12.724301,49.35,2,49.25,2,49.35,2,1,2316,2025-06-20
2025-06-20 12:21:12.755386,49.35,3,49.35,17,49.4,4,1,2316,2025-06-20
2025-06-20 12:21:12.776419,49.35,2,49.35,15,49.4,4,2,2316,2025-06-20
2025-06-20 12:21:24.336787,49.4,1,49.35,18,49.4,3,1,2316,2025-06-20
2025-06-20 12:21:24.429438,49.4,1,49.35,18,49.4,3,1,2316,2025-06-20
2025-06-20 12:21:24.460743,49.4,1,49.35,17,49.4,1,1,2316,2025-06-20
2025-06-20 12:21:26.830875,49.4,1,49.4,1,49.45,2,1,2316,2025-06-20
2025-06-20 12:21:27.011545,49.45,1,49.4,1,49.45,1,1,2316,2025-06-20
2025-06-20 12:21:27.208402,49.45,1,49.4,1,49.5,19,1,2316,2025-06-20
2025-06-20 12:21:31.502777,49.5,1,49.4,3,49.5,18,1,2316,2025-06-20
2025-06-20 12:21:37.558557,49.45,1,49.45,1,49.5,18,2,2316,2025-06-20
2025-06-20 12:21:38.859001,49.45,1,49.4,2,49.5,18,1,2316,2025-06-20
2025-06-20 12:21:39.878854,49.4,3,49.35,17,49.4,7,2,2316,2025-06-20
2025-06-20 12:21:40.796067,49.4,5,49.35,17,49.4,2,1,2316,2025-06-20
2025-06-20 12:21:41.105596,49.4,2,49.35,15,49.5,19,1,2316,2025-06-20
2025-06-20 12:21:42.654748,49.35,1,49.35,14,49.45,1,2,2316,2025-06-20
2025-06-20 12:21:42.685479,49.35,13,49.35,1,49.45,1,2,2316,2025-06-20
2025-06-20 12:21:42.714761,49.35,1,49.0,8,49.45,1,2,2316,2025-06-20
2025-06-20 12:22:16.251653,49.25,7,49.2,1,49.3,4,2,2316,2025-06-20
2025-06-20 12:22:16.313315,49.2,1,49.2,1,49.3,4,2,2316,2025-06-20
2025-06-20 12:22:19.048866,49.2,1,49.15,6,49.25,3,2,2316,2025-06-20
2025-06-20 12:22:21.611789,49.2,1,49.15,1,49.25,2,2,2316,2025-06-20
2025-06-20 12:22:26.741025,49.15,1,49.0,2,49.25,2,2,2316,2025-06-20
2025-06-20 12:22:29.543456,49.2,1,49.0,2,49.2,2,1,2316,2025-06-20
2025-06-20 12:22:42.302600,49.1,1,49.05,1,49.2,4,2,2316,2025-06-20
2025-06-20 12:22:45.015718,49.2,3,49.05,1,49.2,1,1,2316,2025-06-20
2025-06-20 12:22:48.973935,49.2,1,49.05,1,49.25,2,1,2316,2025-06-20
2025-06-20 12:22:57.665368,49.2,1,49.1,4,49.3,6,2,2316,2025-06-20
2025-06-20 12:23:05.776173,49.2,1,49.15,1,49.25,20,1,2316,2025-06-20
2025-06-20 12:23:08.894484,49.15,1,49.05,2,49.25,21,2,2316,2025-06-20
2025-06-20 12:23:13.472685,49.2,1,49.05,6,49.2,3,1,2316,2025-06-20
2025-06-20 12:23:13.897799,49.2,1,49.05,6,49.2,2,1,2316,2025-06-20
2025-06-20 12:23:20.951418,49.05,4,49.05,2,49.2,3,2,2316,2025-06-20
2025-06-20 12:23:26.005022,49.05,1,49.05,1,49.2,5,2,2316,2025-06-20
2025-06-20 12:23:30.058772,49.1,1,49.1,1,49.2,5,2,2316,2025-06-20
2025-06-20 12:23:36.400996,49.05,3,49.05,3,49.2,7,2,2316,2025-06-20
2025-06-20 12:23:50.663450,49.05,2,49.05,4,49.1,6,2,2316,2025-06-20
2025-06-20 12:23:54.047808,49.05,3,49.05,1,49.1,5,2,2316,2025-06-20
2025-06-20 12:24:01.170742,49.05,1,49.0,3,49.1,6,2,2316,2025-06-20
2025-06-20 12:24:29.374454,49.0,1,49.0,2,49.05,2,2,2316,2025-06-20
2025-06-20 12:24:42.720292,49.0,1,49.0,2,49.05,4,2,2316,2025-06-20
2025-06-20 12:24:46.427239,49.0,2,48.85,2,49.05,4,2,2316,2025-06-20
2025-06-20 12:24:53.668767,48.8,1,48.8,1,49.05,4,2,2316,2025-06-20
2025-06-20 12:25:05.385854,48.75,2,48.7,1,49.0,4,2,2316,2025-06-20
2025-06-20 12:25:10.135426,48.9,2,48.9,1,49.0,4,2,2316,2025-06-20
2025-06-20 12:25:13.136620,48.9,1,48.8,2,49.0,4,2,2316,2025-06-20
2025-06-20 12:25:20.899202,48.8,2,48.7,1,49.0,4,2,2316,2025-06-20
2025-06-20 12:27:02.731535,48.8,1,48.8,3,48.9,2,2,2316,2025-06-20
2025-06-20 12:27:48.743002,48.8,3,48.8,3,48.85,2,2,2316,2025-06-20
2025-06-20 12:27:51.632883,48.8,1,48.8,2,48.85,2,2,2316,2025-06-20
2025-06-20 12:27:51.696222,48.8,1,48.8,1,48.85,2,2,2316,2025-06-20
2025-06-20 12:27:53.096121,48.8,1,48.75,3,48.85,2,2,2316,2025-06-20
2025-06-20 12:28:01.624568,48.8,1,48.75,3,48.85,3,2,2316,2025-06-20
2025-06-20 12:28:17.298952,48.8,1,48.75,3,48.85,5,2,2316,2025-06-20
2025-06-20 12:28:42.349034,48.8,1,48.75,4,48.8,2,1,2316,2025-06-20
2025-06-20 12:29:16.155609,48.8,1,48.75,5,48.8,1,1,2316,2025-06-20
2025-06-20 12:29:45.085136,48.8,1,48.75,5,48.85,2,1,2316,2025-06-20
2025-06-20 12:31:36.326135,48.8,1,48.75,5,48.8,1,1,2316,2025-06-20
2025-06-20 12:32:03.429056,48.8,1,48.75,7,48.85,1,1,2316,2025-06-20
2025-06-20 12:32:38.622090,48.8,4,48.7,1,48.75,1,2,2316,2025-06-20
2025-06-20 12:32:38.622090,48.75,5,48.7,1,48.75,1,2,2316,2025-06-20
2025-06-20 12:32:38.668476,48.7,1,48.7,1,48.75,1,2,2316,2025-06-20
2025-06-20 12:33:29.960663,48.6,1,48.6,4,48.7,2,2,2316,2025-06-20
2025-06-20 12:33:41.262220,48.6,1,48.6,3,48.65,1,2,2316,2025-06-20
2025-06-20 12:33:56.647359,48.6,1,48.6,2,48.65,2,2,2316,2025-06-20
2025-06-20 12:34:29.756886,48.6,1,48.6,2,48.65,1,2,2316,2025-06-20
2025-06-20 12:36:59.214763,48.65,4,48.6,7,48.65,1,2,2316,2025-06-20
2025-06-20 12:38:08.967174,48.65,1,48.6,7,48.7,1,2,2316,2025-06-20
2025-06-20 12:40:05.265072,48.7,1,48.65,4,48.75,1,1,2316,2025-06-20
2025-06-20 12:40:20.170401,48.75,1,48.65,4,48.8,1,1,2316,2025-06-20
2025-06-20 12:41:14.260243,48.8,1,48.75,3,48.85,2,1,2316,2025-06-20
2025-06-20 12:41:29.590867,48.8,1,48.75,3,48.85,2,1,2316,2025-06-20
2025-06-20 12:41:50.481580,48.85,1,48.8,2,48.85,1,1,2316,2025-06-20
2025-06-20 12:41:57.468706,48.85,1,48.8,3,48.9,1,1,2316,2025-06-20
2025-06-20 12:42:17.468331,48.9,1,48.85,1,48.95,1,2,2316,2025-06-20
2025-06-20 12:42:17.569875,48.85,1,48.85,1,48.95,6,2,2316,2025-06-20
2025-06-20 12:42:17.590420,48.9,1,48.8,2,48.95,6,2,2316,2025-06-20
2025-06-20 12:42:18.360727,48.8,2,48.75,2,48.8,1,2,2316,2025-06-20
2025-06-20 12:42:23.296225,48.8,1,48.75,3,48.95,7,1,2316,2025-06-20
2025-06-20 12:42:45.337591,48.8,1,48.8,2,48.85,1,2,2316,2025-06-20
2025-06-20 12:42:45.378206,48.8,2,48.75,3,48.85,1,2,2316,2025-06-20
2025-06-20 12:43:32.257465,48.8,1,48.75,3,48.85,1,1,2316,2025-06-20
2025-06-20 12:44:26.045027,48.8,1,48.75,4,48.8,3,1,2316,2025-06-20
2025-06-20 12:44:29.087168,48.8,1,48.75,3,48.8,2,1,2316,2025-06-20
2025-06-20 12:45:23.931213,48.75,4,48.7,1,48.8,2,2,2316,2025-06-20
2025-06-20 12:45:23.931213,48.7,6,48.7,1,48.8,2,2,2316,2025-06-20
2025-06-20 12:45:27.641470,48.75,1,48.7,1,48.8,6,1,2316,2025-06-20
2025-06-20 12:45:27.641470,48.8,1,48.7,1,48.8,6,1,2316,2025-06-20
2025-06-20 12:46:29.035916,48.8,1,48.75,2,48.8,8,1,2316,2025-06-20
2025-06-20 12:47:22.085569,48.8,11,48.8,9,48.95,1,1,2316,2025-06-20
2025-06-20 12:47:39.465853,48.95,1,48.9,2,49.0,2,1,2316,2025-06-20
2025-06-20 12:48:29.337092,48.95,1,48.9,4,49.0,2,2,2316,2025-06-20
2025-06-20 12:48:33.590210,48.95,1,48.9,4,49.0,2,1,2316,2025-06-20
2025-06-20 12:48:41.507523,48.95,1,48.9,4,49.0,3,2,2316,2025-06-20
2025-06-20 12:48:57.096485,48.9,2,48.9,2,48.95,2,2,2316,2025-06-20
2025-06-20 12:48:57.127980,48.9,2,48.8,9,48.95,2,2,2316,2025-06-20
2025-06-20 12:49:33.924873,48.9,1,48.85,2,48.95,2,1,2316,2025-06-20
2025-06-20 12:49:50.935970,48.9,1,48.85,2,48.9,2,1,2316,2025-06-20
2025-06-20 12:50:21.629542,48.85,2,48.8,9,48.9,2,2,2316,2025-06-20
2025-06-20 12:50:21.766577,48.8,1,48.8,8,48.9,9,2,2316,2025-06-20
2025-06-20 12:50:21.793888,48.8,6,48.8,2,48.9,9,2,2316,2025-06-20
2025-06-20 12:50:26.338626,48.8,1,48.8,2,48.9,9,2,2316,2025-06-20
2025-06-20 12:51:33.531699,48.8,1,48.8,2,48.85,8,2,2316,2025-06-20
2025-06-20 12:51:34.361851,48.8,1,48.8,1,48.85,9,2,2316,2025-06-20
2025-06-20 12:51:34.386605,48.8,1,48.75,1,48.85,9,2,2316,2025-06-20
2025-06-20 12:51:40.578456,48.8,1,48.75,2,48.85,9,1,2316,2025-06-20
2025-06-20 12:52:00.497331,48.85,9,48.85,11,48.9,2,1,2316,2025-06-20
2025-06-20 12:52:00.513102,48.9,2,48.85,11,48.95,2,1,2316,2025-06-20
2025-06-20 12:52:01.786804,48.95,2,48.85,13,49.0,8,1,2316,2025-06-20
2025-06-20 12:52:06.192590,49.0,8,49.0,12,49.05,2,1,2316,2025-06-20
2025-06-20 12:52:06.254085,49.05,1,49.0,12,49.05,1,1,2316,2025-06-20
2025-06-20 12:52:06.283923,49.05,1,49.0,12,49.05,1,1,2316,2025-06-20
2025-06-20 12:52:51.111291,49.1,1,49.05,2,49.15,5,1,2316,2025-06-20
2025-06-20 12:53:01.100560,49.1,1,49.1,1,49.15,5,2,2316,2025-06-20
2025-06-20 12:53:02.052248,49.1,1,49.05,2,49.15,5,2,2316,2025-06-20
2025-06-20 12:53:11.682831,49.15,1,49.05,2,49.15,4,1,2316,2025-06-20
2025-06-20 12:53:11.735483,49.15,1,49.05,2,49.15,3,1,2316,2025-06-20
2025-06-20 12:53:18.484460,49.15,1,49.05,3,49.15,3,1,2316,2025-06-20
2025-06-20 12:53:39.539393,49.15,3,49.15,1,49.2,10,1,2316,2025-06-20
2025-06-20 12:53:42.233388,49.15,1,49.1,1,49.2,10,1,2316,2025-06-20
2025-06-20 12:53:42.614288,49.2,1,49.1,1,49.2,9,1,2316,2025-06-20
2025-06-20 12:53:43.348349,49.2,1,49.1,1,49.2,8,1,2316,2025-06-20
2025-06-20 12:53:49.455546,49.15,1,49.1,1,49.2,9,1,2316,2025-06-20
2025-06-20 12:54:11.778370,49.15,3,49.1,2,49.15,16,2,2316,2025-06-20
2025-06-20 12:54:12.801832,49.1,2,49.05,3,49.15,17,2,2316,2025-06-20
2025-06-20 12:54:21.236892,49.1,1,49.05,3,49.15,20,2,2316,2025-06-20
2025-06-20 12:54:23.331671,49.1,1,49.05,3,49.1,1,1,2316,2025-06-20
2025-06-20 12:54:28.684179,49.05,3,49.05,1,49.1,1,2,2316,2025-06-20
2025-06-20 12:54:32.047789,49.05,2,49.0,15,49.1,1,2,2316,2025-06-20
2025-06-20 12:55:12.435343,49.1,1,49.05,6,49.1,1,1,2316,2025-06-20
2025-06-20 12:55:12.461454,49.1,1,49.05,6,49.15,20,1,2316,2025-06-20
2025-06-20 12:55:19.015009,49.15,1,49.05,6,49.15,19,1,2316,2025-06-20
2025-06-20 12:55:50.447080,49.15,1,49.1,5,49.15,20,1,2316,2025-06-20
2025-06-20 12:56:09.486390,49.15,20,49.1,10,49.3,2,1,2316,2025-06-20
2025-06-20 12:56:09.486390,49.2,10,49.1,10,49.3,2,1,2316,2025-06-20
2025-06-20 12:56:09.486390,49.25,5,49.1,10,49.3,2,1,2316,2025-06-20
2025-06-20 12:56:09.486390,49.3,15,49.1,10,49.3,2,1,2316,2025-06-20
2025-06-20 12:56:09.517252,49.3,2,49.15,1,49.35,1,1,2316,2025-06-20
2025-06-20 12:56:17.662220,49.35,1,49.5,5,49.55,8,1,2316,2025-06-20
2025-06-20 12:56:17.662220,49.4,10,49.5,5,49.55,8,1,2316,2025-06-20
2025-06-20 12:56:17.662220,49.5,34,49.5,5,49.55,8,1,2316,2025-06-20
2025-06-20 12:56:18.522512,49.55,1,49.5,5,49.55,5,1,2316,2025-06-20
2025-06-20 12:56:21.042066,49.5,1,49.5,4,49.55,5,2,2316,2025-06-20
2025-06-20 12:56:24.032658,49.5,5,49.25,5,49.55,5,2,2316,2025-06-20
2025-06-20 12:56:24.689395,49.25,1,49.25,4,49.5,2,2,2316,2025-06-20
2025-06-20 12:56:25.874161,49.5,1,49.3,7,49.5,2,1,2316,2025-06-20
2025-06-20 12:56:36.179829,49.5,2,49.35,6,49.55,5,1,2316,2025-06-20
2025-06-20 12:56:37.201250,49.45,1,49.4,2,49.55,5,1,2316,2025-06-20
2025-06-20 12:56:46.779941,49.45,1,49.4,2,49.5,1,1,2316,2025-06-20
2025-06-20 12:56:46.779941,49.5,2,49.4,2,49.5,1,1,2316,2025-06-20
2025-06-20 12:56:49.880137,49.45,1,49.45,1,49.5,2,2,2316,2025-06-20
2025-06-20 12:56:50.741567,49.45,1,49.4,3,49.5,4,2,2316,2025-06-20
2025-06-20 12:56:50.770935,49.5,1,49.4,3,49.5,3,1,2316,2025-06-20
2025-06-20 12:56:55.363531,49.5,1,49.4,4,49.5,7,1,2316,2025-06-20
2025-06-20 12:57:07.563721,49.4,3,49.4,3,49.45,2,2,2316,2025-06-20
2025-06-20 12:57:20.269875,49.4,1,49.35,3,49.45,2,1,2316,2025-06-20
2025-06-20 12:57:28.156811,49.4,1,49.4,1,49.45,2,2,2316,2025-06-20
2025-06-20 12:57:29.662772,49.4,1,49.35,3,49.4,1,2,2316,2025-06-20
2025-06-20 12:57:32.896311,49.4,1,49.35,3,49.4,1,1,2316,2025-06-20
2025-06-20 12:57:35.878728,49.4,1,49.4,2,49.45,2,1,2316,2025-06-20
2025-06-20 12:57:36.938155,49.4,1,49.4,1,49.45,1,2,2316,2025-06-20
2025-06-20 12:57:38.616949,49.4,1,49.35,3,49.45,1,2,2316,2025-06-20
2025-06-20 12:57:41.873744,49.45,1,49.35,4,49.5,39,1,2316,2025-06-20
2025-06-20 12:57:49.382198,49.4,1,49.35,3,49.45,4,1,2316,2025-06-20
2025-06-20 12:58:06.135247,49.4,1,49.35,5,49.45,4,2,2316,2025-06-20
2025-06-20 12:58:08.209408,49.35,1,49.35,4,49.45,4,2,2316,2025-06-20
2025-06-20 12:58:17.755446,49.35,1,49.35,1,49.45,4,2,2316,2025-06-20
2025-06-20 12:58:23.621657,49.35,1,49.35,1,49.4,1,2,2316,2025-06-20
2025-06-20 12:58:23.855471,49.3,1,49.3,4,49.4,1,2,2316,2025-06-20
2025-06-20 12:58:30.365928,49.4,1,49.3,4,49.4,1,1,2316,2025-06-20
2025-06-20 12:59:13.481024,49.4,2,49.3,5,49.4,31,1,2316,2025-06-20
2025-06-20 12:59:23.058372,49.35,1,49.3,8,49.4,31,2,2316,2025-06-20
2025-06-20 12:59:31.998672,49.35,1,49.3,8,49.4,31,2,2316,2025-06-20
2025-06-20 12:59:49.542190,49.35,1,49.35,1,49.4,32,2,2316,2025-06-20
2025-06-20 12:59:49.711182,49.4,1,49.3,10,49.4,31,1,2316,2025-06-20
2025-06-20 13:00:08.874817,49.3,1,49.3,8,49.4,34,2,2316,2025-06-20
2025-06-20 13:00:12.543842,49.4,1,49.3,8,49.4,34,1,2316,2025-06-20
2025-06-20 13:00:12.576786,49.4,1,49.3,8,49.4,33,1,2316,2025-06-20
2025-06-20 13:00:14.398339,49.4,1,49.35,2,49.4,32,1,2316,2025-06-20
2025-06-20 13:00:14.432950,49.4,8,49.35,2,49.4,24,1,2316,2025-06-20
2025-06-20 13:00:33.336833,49.3,9,49.2,1,49.4,24,2,2316,2025-06-20
2025-06-20 13:00:33.336833,49.25,1,49.2,1,49.4,24,2,2316,2025-06-20
2025-06-20 13:00:50.651435,49.35,1,49.2,5,49.35,1,1,2316,2025-06-20
2025-06-20 13:01:26.569875,49.3,1,49.25,4,49.35,1,1,2316,2025-06-20
2025-06-20 13:01:27.050332,49.4,1,49.25,4,49.4,20,1,2316,2025-06-20
2025-06-20 13:01:51.218974,49.3,1,49.25,4,49.4,26,2,2316,2025-06-20
2025-06-20 13:02:40.574485,49.3,1,49.25,2,49.4,29,2,2316,2025-06-20
2025-06-20 13:03:24.581952,49.3,2,49.25,3,49.35,7,2,2316,2025-06-20
2025-06-20 13:03:25.038438,49.35,1,49.25,4,49.35,6,1,2316,2025-06-20
2025-06-20 13:03:30.835104,49.25,4,49.2,6,49.3,2,2,2316,2025-06-20
2025-06-20 13:04:10.555217,49.2,1,49.2,1,49.3,2,2,2316,2025-06-20
2025-06-20 13:04:54.968222,49.25,1,49.2,3,49.25,4,1,2316,2025-06-20
2025-06-20 13:04:55.188503,49.25,1,49.2,3,49.25,3,1,2316,2025-06-20
2025-06-20 13:04:55.331842,49.25,1,49.2,3,49.25,2,1,2316,2025-06-20
2025-06-20 13:05:03.063970,49.25,1,49.2,4,49.25,1,1,2316,2025-06-20
2025-06-20 13:05:05.113838,49.25,1,49.2,4,49.3,7,1,2316,2025-06-20
2025-06-20 13:05:54.253795,49.25,1,49.2,3,49.3,3,1,2316,2025-06-20
2025-06-20 13:06:25.376637,49.25,1,49.2,5,49.25,1,1,2316,2025-06-20
2025-06-20 13:06:32.271020,49.25,1,49.2,4,49.25,1,1,2316,2025-06-20
2025-06-20 13:06:32.404378,49.25,1,49.2,4,49.3,3,1,2316,2025-06-20
2025-06-20 13:06:35.287190,49.25,1,49.2,4,49.25,1,1,2316,2025-06-20
2025-06-20 13:06:36.450552,49.25,1,49.2,3,49.3,4,1,2316,2025-06-20
2025-06-20 13:06:39.533384,49.25,1,49.2,3,49.3,8,2,2316,2025-06-20
2025-06-20 13:06:39.575849,49.3,1,49.2,3,49.3,7,1,2316,2025-06-20
2025-06-20 13:06:43.840137,49.25,1,49.2,2,49.3,7,2,2316,2025-06-20
2025-06-20 13:07:24.438270,49.2,2,49.15,2,49.3,8,2,2316,2025-06-20
2025-06-20 13:07:45.528825,49.2,1,49.15,4,49.25,5,2,2316,2025-06-20
2025-06-20 13:08:00.737196,49.25,1,49.15,4,49.25,4,1,2316,2025-06-20
2025-06-20 13:08:23.229977,49.15,4,49.1,3,49.2,3,2,2316,2025-06-20
2025-06-20 13:08:23.654886,49.2,1,49.1,3,49.2,2,1,2316,2025-06-20
2025-06-20 13:09:38.153973,49.2,1,49.15,1,49.2,6,1,2316,2025-06-20
2025-06-20 13:10:03.721735,49.2,3,49.15,6,49.2,3,1,2316,2025-06-20
2025-06-20 13:10:04.134952,49.2,1,49.15,6,49.2,2,1,2316,2025-06-20
2025-06-20 13:10:06.762885,49.2,1,49.15,7,49.2,1,1,2316,2025-06-20
2025-06-20 13:10:06.800911,49.2,1,49.15,7,49.25,4,1,2316,2025-06-20
2025-06-20 13:10:53.618740,49.2,1,49.2,3,49.25,4,2,2316,2025-06-20
2025-06-20 13:11:11.285839,49.25,1,49.2,6,49.25,4,1,2316,2025-06-20
2025-06-20 13:11:11.306157,49.25,1,49.2,6,49.25,3,1,2316,2025-06-20
2025-06-20 13:11:27.065975,49.25,2,49.2,6,49.25,1,1,2316,2025-06-20
2025-06-20 13:11:27.215699,49.25,1,49.2,6,49.3,6,1,2316,2025-06-20
2025-06-20 13:11:27.221234,49.3,1,49.2,6,49.3,5,1,2316,2025-06-20
2025-06-20 13:11:42.439348,49.25,1,49.25,5,49.3,5,1,2316,2025-06-20
2025-06-20 13:11:57.469813,49.25,9,49.2,6,49.3,7,2,2316,2025-06-20
2025-06-20 13:12:32.601060,49.3,1,49.25,2,49.3,8,1,2316,2025-06-20
2025-06-20 13:12:35.643281,49.3,1,49.25,2,49.3,7,1,2316,2025-06-20
2025-06-20 13:12:43.159846,49.3,1,49.25,2,49.3,6,1,2316,2025-06-20
2025-06-20 13:12:45.110023,49.25,1,49.25,1,49.3,6,2,2316,2025-06-20
2025-06-20 13:13:24.548157,49.25,2,49.25,2,49.3,6,2,2316,2025-06-20
2025-06-20 13:13:25.017021,49.3,1,49.25,2,49.3,5,1,2316,2025-06-20
2025-06-20 13:13:45.026362,49.3,1,49.25,13,49.3,8,1,2316,2025-06-20
2025-06-20 13:13:46.003240,49.3,1,49.25,13,49.3,7,1,2316,2025-06-20
2025-06-20 13:13:47.093981,49.3,1,49.25,13,49.3,6,1,2316,2025-06-20
2025-06-20 13:13:57.059059,49.3,2,49.25,13,49.3,4,1,2316,2025-06-20
2025-06-20 13:14:01.008680,49.3,1,49.25,13,49.3,3,1,2316,2025-06-20
2025-06-20 13:14:01.869002,49.3,3,49.3,2,49.35,5,1,2316,2025-06-20
2025-06-20 13:14:12.438037,49.35,1,49.3,14,49.35,4,1,2316,2025-06-20
2025-06-20 13:14:12.466858,49.3,14,49.25,2,49.35,4,2,2316,2025-06-20
2025-06-20 13:14:13.388286,49.25,1,49.25,1,49.35,11,2,2316,2025-06-20
2025-06-20 13:14:13.414681,49.25,1,49.2,2,49.35,11,2,2316,2025-06-20
2025-06-20 13:14:15.469902,49.35,1,49.25,7,49.35,10,1,2316,2025-06-20
2025-06-20 13:14:35.274881,49.3,1,49.25,9,49.3,2,1,2316,2025-06-20
2025-06-20 13:14:35.791670,49.25,2,49.25,6,49.3,2,2,2316,2025-06-20
2025-06-20 13:14:39.551052,49.3,1,49.25,7,49.3,1,1,2316,2025-06-20
2025-06-20 13:14:39.947769,49.3,1,49.25,7,49.35,17,1,2316,2025-06-20
2025-06-20 13:14:55.550460,49.3,3,49.25,3,49.35,17,1,2316,2025-06-20
2025-06-20 13:14:55.971712,49.3,1,49.25,3,49.35,16,1,2316,2025-06-20
2025-06-20 13:15:16.365371,49.35,2,49.3,1,49.35,14,1,2316,2025-06-20
2025-06-20 13:15:16.379537,49.3,1,49.25,4,49.35,14,2,2316,2025-06-20
2025-06-20 13:15:37.099018,49.3,1,49.25,4,49.35,10,2,2316,2025-06-20
2025-06-20 13:15:44.282124,49.3,2,49.25,4,49.35,10,2,2316,2025-06-20
2025-06-20 13:16:21.751433,49.25,7,49.2,3,49.3,7,2,2316,2025-06-20
2025-06-20 13:16:42.661661,49.2,4,49.15,4,49.25,1,2,2316,2025-06-20
2025-06-20 13:16:42.861352,49.25,1,49.15,4,49.3,9,1,2316,2025-06-20
2025-06-20 13:17:08.328842,49.3,3,49.15,7,49.3,19,1,2316,2025-06-20
2025-06-20 13:17:15.325081,49.3,1,49.2,1,49.3,18,1,2316,2025-06-20
2025-06-20 13:17:35.572051,49.3,5,49.25,1,49.3,14,1,2316,2025-06-20
2025-06-20 13:17:43.409436,49.3,1,49.25,1,49.3,13,1,2316,2025-06-20
2025-06-20 13:18:00.626522,49.25,2,49.2,1,49.3,18,2,2316,2025-06-20
2025-06-20 13:18:13.675355,49.2,2,49.15,4,49.3,18,2,2316,2025-06-20
2025-06-20 13:18:13.675355,49.15,4,49.15,4,49.3,18,2,2316,2025-06-20
2025-06-20 13:18:13.875335,49.3,1,49.15,4,49.3,17,1,2316,2025-06-20
2025-06-20 13:18:13.876163,49.3,1,49.15,4,49.3,16,1,2316,2025-06-20
2025-06-20 13:18:45.577865,49.2,1,49.2,2,49.25,3,2,2316,2025-06-20
2025-06-20 13:18:58.387796,49.2,1,49.2,1,49.25,3,2,2316,2025-06-20
2025-06-20 13:18:58.431311,49.2,1,49.15,3,49.25,3,2,2316,2025-06-20
2025-06-20 13:19:00.771101,49.2,1,49.15,3,49.25,4,2,2316,2025-06-20
2025-06-20 13:19:02.637893,49.2,1,49.15,3,49.25,4,2,2316,2025-06-20
2025-06-20 13:19:14.061443,49.15,4,49.1,2,49.15,1,2,2316,2025-06-20
2025-06-20 13:19:21.957293,49.1,1,49.1,1,49.15,1,2,2316,2025-06-20
2025-06-20 13:19:26.074319,49.1,1,49.05,2,49.15,1,2,2316,2025-06-20
2025-06-20 13:19:46.891775,49.05,1,49.05,1,49.15,1,2,2316,2025-06-20
2025-06-20 13:20:03.776193,49.05,2,49.0,12,49.15,2,2,2316,2025-06-20
2025-06-20 13:20:09.852464,49.0,2,49.0,10,49.15,2,2,2316,2025-06-20
2025-06-20 13:20:14.318925,49.0,1,49.0,9,49.15,6,2,2316,2025-06-20
2025-06-20 13:20:21.322233,49.0,5,49.0,8,49.15,6,2,2316,2025-06-20
2025-06-20 13:20:25.406408,49.0,2,49.0,6,49.15,7,2,2316,2025-06-20
2025-06-20 13:20:40.523666,49.0,7,48.95,1,49.05,1,2,2316,2025-06-20
2025-06-20 13:21:03.768840,48.95,2,48.9,2,48.95,1,2,2316,2025-06-20
2025-06-20 13:21:06.075706,48.95,1,48.9,3,49.0,1,1,2316,2025-06-20
2025-06-20 13:21:25.222788,48.95,1,48.9,3,48.95,1,1,2316,2025-06-20
2025-06-20 13:21:27.813850,48.95,1,48.9,2,49.0,7,1,2316,2025-06-20
2025-06-20 13:21:32.176757,48.9,1,48.9,2,49.0,7,2,2316,2025-06-20
2025-06-20 13:22:03.117693,48.9,1,48.9,4,49.0,7,2,2316,2025-06-20
2025-06-20 13:22:13.033963,48.9,1,48.9,4,49.0,6,2,2316,2025-06-20
2025-06-20 13:22:22.310733,48.95,1,48.9,8,49.0,1,1,2316,2025-06-20
2025-06-20 13:22:38.271390,48.95,1,48.9,10,49.0,2,1,2316,2025-06-20
2025-06-20 13:22:45.088944,48.9,5,48.9,6,49.0,3,2,2316,2025-06-20
2025-06-20 13:22:45.744527,49.0,1,48.9,6,49.0,8,1,2316,2025-06-20
2025-06-20 13:23:10.893111,48.95,1,48.9,6,49.0,8,1,2316,2025-06-20
2025-06-20 13:23:18.506979,48.95,1,48.95,2,49.0,8,2,2316,2025-06-20
2025-06-20 13:23:39.487807,48.95,2,48.9,5,49.0,9,2,2316,2025-06-20
2025-06-20 13:23:45.919785,49.0,1,48.95,1,49.0,8,1,2316,2025-06-20
2025-06-20 13:23:46.297546,49.0,2,48.95,1,49.0,6,1,2316,2025-06-20
2025-06-20 13:23:48.451930,49.0,1,48.95,1,49.0,5,1,2316,2025-06-20
2025-06-20 13:24:00.317297,48.95,1,48.9,4,49.0,5,2,2316,2025-06-20
2025-06-20 13:24:00.335284,48.9,1,48.9,3,49.0,5,2,2316,2025-06-20
2025-06-20 13:24:06.038732,48.95,1,48.9,4,49.0,2,1,2316,2025-06-20
2025-06-20 13:24:07.885948,49.0,1,48.95,1,49.0,1,1,2316,2025-06-20
2025-06-20 13:24:08.615655,48.95,1,48.9,5,49.0,1,2,2316,2025-06-20
2025-06-20 13:24:22.079604,48.9,6,48.8,7,48.85,5,2,2316,2025-06-20
2025-06-20 13:24:22.079604,48.85,14,48.8,7,48.85,5,2,2316,2025-06-20
2025-06-20 13:24:23.785763,48.85,2,48.8,7,48.85,3,1,2316,2025-06-20
2025-06-20 13:24:30.519221,48.85,3,48.85,1,49.0,3,1,2316,2025-06-20
2025-06-20 13:24:34.042017,48.85,1,48.8,4,48.95,1,2,2316,2025-06-20
2025-06-20 13:24:48.824326,48.85,1,48.85,6,48.95,4,2,2316,2025-06-20
2025-06-20 13:24:57.137902,48.85,1,48.85,5,48.95,4,2,2316,2025-06-20
2025-06-20 13:30:00.000000,49.4,281,49.2,2,49.4,30,1,2316,2025-06-20
