ts,close,volume,bid_price,bid_volume,ask_price,ask_volume,tick_type,code,date
2025-06-18 09:00:05.571812,43.65,7,43.4,2,43.65,3,1,2316,2025-06-18
2025-06-18 09:02:00.526469,43.5,1,43.45,1,43.6,3,2,2316,2025-06-18
2025-06-18 09:02:17.556687,43.45,1,43.4,2,43.55,2,2,2316,2025-06-18
2025-06-18 09:04:54.537148,43.4,1,43.4,1,43.6,1,2,2316,2025-06-18
2025-06-18 09:09:33.644071,43.5,1,43.4,1,43.6,1,1,2316,2025-06-18
2025-06-18 09:22:09.792823,43.5,2,43.45,1,43.6,1,2,2316,2025-06-18
2025-06-18 09:25:04.746349,43.45,1,43.4,1,43.5,1,2,2316,2025-06-18
2025-06-18 09:25:04.746349,43.4,1,43.4,1,43.5,1,2,2316,2025-06-18
2025-06-18 09:26:58.684693,43.4,1,43.4,1,43.5,1,2,2316,2025-06-18
2025-06-18 09:32:02.340434,43.5,2,43.4,3,43.55,1,1,2316,2025-06-18
2025-06-18 09:32:32.655003,43.6,1,43.75,2,43.8,2,1,2316,2025-06-18
2025-06-18 09:32:32.655003,43.65,4,43.75,2,43.8,2,1,2316,2025-06-18
2025-06-18 09:32:32.655003,43.7,4,43.75,2,43.8,2,1,2316,2025-06-18
2025-06-18 09:32:32.655003,43.75,9,43.75,2,43.8,2,1,2316,2025-06-18
2025-06-18 09:32:32.677690,43.75,1,43.75,1,43.8,2,2,2316,2025-06-18
2025-06-18 09:32:32.775543,43.75,1,43.75,3,43.9,1,2,2316,2025-06-18
2025-06-18 09:32:35.973868,43.75,1,43.75,3,43.9,1,2,2316,2025-06-18
2025-06-18 09:34:59.808680,43.9,3,43.75,3,44.05,2,1,2316,2025-06-18
2025-06-18 09:34:59.808680,44.0,5,43.75,3,44.05,2,1,2316,2025-06-18
2025-06-18 09:35:14.350741,44.1,1,44.0,1,44.15,1,1,2316,2025-06-18
2025-06-18 09:35:14.420400,44.0,1,44.0,1,44.15,1,2,2316,2025-06-18
2025-06-18 09:36:48.378767,44.0,1,44.0,2,44.2,1,2,2316,2025-06-18
2025-06-18 09:38:05.818342,44.15,4,44.0,4,44.2,2,1,2316,2025-06-18
2025-06-18 09:38:05.864488,44.2,2,44.05,1,44.25,2,1,2316,2025-06-18
2025-06-18 09:39:00.877358,44.2,2,44.05,1,44.2,3,1,2316,2025-06-18
2025-06-18 09:39:14.594360,44.2,3,44.05,1,44.3,3,1,2316,2025-06-18
2025-06-18 09:39:14.594360,44.25,3,44.05,1,44.3,3,1,2316,2025-06-18
2025-06-18 09:39:14.594360,44.3,4,44.05,1,44.3,3,1,2316,2025-06-18
2025-06-18 09:39:30.646023,44.3,4,44.1,2,44.35,1,1,2316,2025-06-18
2025-06-18 09:39:42.268374,44.3,1,44.15,3,44.35,1,1,2316,2025-06-18
2025-06-18 09:41:46.231360,44.3,2,44.3,1,44.35,1,2,2316,2025-06-18
2025-06-18 09:42:13.649391,44.3,1,44.3,3,44.35,2,2,2316,2025-06-18
2025-06-18 09:42:45.205683,44.3,1,44.3,2,44.35,2,2,2316,2025-06-18
2025-06-18 09:42:45.280286,44.3,2,44.25,1,44.35,2,2,2316,2025-06-18
2025-06-18 09:42:45.310266,44.3,1,44.25,1,44.35,2,2,2316,2025-06-18
2025-06-18 09:44:41.265853,44.3,1,44.1,3,44.3,2,1,2316,2025-06-18
2025-06-18 09:44:59.019356,44.3,1,44.1,5,44.3,2,1,2316,2025-06-18
2025-06-18 09:45:44.767170,44.3,2,44.15,2,44.35,4,1,2316,2025-06-18
2025-06-18 09:45:44.998428,44.35,4,44.2,3,44.4,1,1,2316,2025-06-18
2025-06-18 09:46:46.013650,44.4,1,44.35,5,44.55,3,1,2316,2025-06-18
2025-06-18 09:46:46.013650,44.45,6,44.35,5,44.55,3,1,2316,2025-06-18
2025-06-18 09:46:46.013650,44.5,3,44.35,5,44.55,3,1,2316,2025-06-18
2025-06-18 09:46:46.123287,44.4,1,44.4,5,44.55,3,2,2316,2025-06-18
2025-06-18 09:46:48.695933,44.4,1,44.4,3,44.55,3,2,2316,2025-06-18
2025-06-18 09:47:08.516553,44.55,3,44.45,6,44.6,1,1,2316,2025-06-18
2025-06-18 09:47:08.546997,44.6,1,44.45,6,44.75,4,1,2316,2025-06-18
2025-06-18 09:47:08.859156,44.65,1,44.55,1,44.75,2,1,2316,2025-06-18
2025-06-18 09:47:10.181830,44.75,2,44.6,10,44.8,4,1,2316,2025-06-18
2025-06-18 09:47:10.243163,44.8,4,44.7,1,45.0,10,1,2316,2025-06-18
2025-06-18 09:47:10.568209,44.8,1,44.8,2,44.95,1,2,2316,2025-06-18
2025-06-18 09:47:13.201319,45.0,4,44.9,8,45.0,4,1,2316,2025-06-18
2025-06-18 09:47:13.228325,45.0,4,44.9,8,45.05,4,1,2316,2025-06-18
2025-06-18 09:47:13.379663,45.0,1,44.7,1,45.05,5,1,2316,2025-06-18
2025-06-18 09:47:14.562190,45.05,4,45.0,9,45.05,5,1,2316,2025-06-18
2025-06-18 09:47:14.592923,45.05,1,45.0,9,45.1,1,1,2316,2025-06-18
2025-06-18 09:47:14.626145,45.1,1,45.0,10,45.2,1,1,2316,2025-06-18
2025-06-18 09:47:14.730088,45.05,1,44.75,2,45.2,1,2,2316,2025-06-18
2025-06-18 09:47:14.781806,45.1,1,44.75,2,45.15,3,2,2316,2025-06-18
2025-06-18 09:47:19.923279,45.2,1,45.2,1,45.25,2,1,2316,2025-06-18
2025-06-18 09:47:19.958884,45.2,1,45.2,11,45.25,2,2,2316,2025-06-18
2025-06-18 09:47:25.975253,45.2,11,45.1,1,45.25,6,2,2316,2025-06-18
2025-06-18 09:47:26.130168,45.2,1,45.1,1,45.2,3,1,2316,2025-06-18
2025-06-18 09:47:27.359943,45.2,2,45.1,1,45.25,6,1,2316,2025-06-18
2025-06-18 09:47:32.978559,45.15,2,44.85,3,45.2,5,1,2316,2025-06-18
2025-06-18 09:47:34.138719,45.15,1,44.9,3,45.2,3,2,2316,2025-06-18
2025-06-18 09:48:00.183600,45.15,1,44.9,1,45.15,3,1,2316,2025-06-18
2025-06-18 09:48:05.187184,45.15,1,44.95,2,45.15,3,1,2316,2025-06-18
2025-06-18 09:48:29.874023,45.0,2,45.0,5,45.1,2,2,2316,2025-06-18
2025-06-18 09:48:53.874125,45.0,1,45.0,4,45.1,3,2,2316,2025-06-18
2025-06-18 09:48:54.585025,45.0,2,45.0,2,45.1,3,2,2316,2025-06-18
2025-06-18 09:48:54.697096,45.0,1,45.0,1,45.1,3,2,2316,2025-06-18
2025-06-18 09:48:56.864488,45.0,1,44.9,2,45.1,3,2,2316,2025-06-18
2025-06-18 09:48:57.616311,44.9,1,44.9,1,45.05,1,2,2316,2025-06-18
2025-06-18 09:48:59.319321,44.9,1,44.9,1,45.05,3,2,2316,2025-06-18
2025-06-18 09:49:08.001923,44.95,2,44.9,1,45.0,3,2,2316,2025-06-18
2025-06-18 09:49:10.237534,44.9,2,44.75,1,45.0,6,2,2316,2025-06-18
2025-06-18 09:49:10.898126,44.75,1,44.7,1,44.75,2,2,2316,2025-06-18
2025-06-18 09:49:11.436637,44.55,2,44.55,1,44.85,3,2,2316,2025-06-18
2025-06-18 09:49:11.437276,44.55,1,44.45,1,44.85,3,2,2316,2025-06-18
2025-06-18 09:49:32.615385,44.55,1,44.5,1,44.75,4,1,2316,2025-06-18
2025-06-18 09:49:32.707927,44.55,1,44.5,1,44.75,3,2,2316,2025-06-18
2025-06-18 09:49:32.730764,44.55,1,44.4,5,44.8,2,1,2316,2025-06-18
2025-06-18 09:49:48.847578,44.5,1,44.5,1,44.7,2,2,2316,2025-06-18
2025-06-18 09:49:48.996218,44.6,1,44.5,1,44.7,2,1,2316,2025-06-18
2025-06-18 09:49:51.104850,44.6,1,44.5,1,44.7,1,1,2316,2025-06-18
2025-06-18 09:49:51.231775,44.55,1,44.5,2,44.7,1,2,2316,2025-06-18
2025-06-18 09:49:51.653238,44.5,1,44.5,1,44.7,1,2,2316,2025-06-18
2025-06-18 09:49:51.866918,44.5,1,44.5,1,44.7,1,2,2316,2025-06-18
2025-06-18 09:50:46.506196,44.5,3,44.5,7,44.55,1,1,2316,2025-06-18
2025-06-18 09:50:46.625937,44.5,6,44.5,4,44.55,1,2,2316,2025-06-18
2025-06-18 09:50:47.064686,44.5,4,44.45,2,44.55,1,2,2316,2025-06-18
2025-06-18 09:51:09.978503,44.45,1,44.45,2,44.5,1,2,2316,2025-06-18
2025-06-18 09:51:52.660404,44.45,1,44.45,1,44.5,2,2,2316,2025-06-18
2025-06-18 09:53:33.757202,44.45,1,44.35,1,44.5,2,2,2316,2025-06-18
2025-06-18 09:54:47.608928,44.45,2,44.45,5,44.5,2,1,2316,2025-06-18
2025-06-18 09:54:47.704920,44.5,2,44.45,5,44.55,1,1,2316,2025-06-18
2025-06-18 09:56:20.543449,44.5,2,44.5,1,44.55,1,2,2316,2025-06-18
2025-06-18 09:56:36.132604,44.5,1,44.45,2,44.55,1,2,2316,2025-06-18
2025-06-18 09:59:31.083670,44.5,2,44.45,2,44.75,1,1,2316,2025-06-18
2025-06-18 09:59:58.771754,44.5,7,44.5,1,44.55,1,1,2316,2025-06-18
2025-06-18 09:59:59.306611,44.5,1,44.45,2,44.55,1,2,2316,2025-06-18
2025-06-18 10:00:05.252602,44.5,2,44.45,2,44.55,2,2,2316,2025-06-18
2025-06-18 10:03:09.575258,44.5,3,44.45,1,44.55,1,1,2316,2025-06-18
2025-06-18 10:03:39.213349,44.5,1,44.5,1,44.55,2,2,2316,2025-06-18
2025-06-18 10:03:39.216204,44.5,1,44.5,2,44.55,2,2,2316,2025-06-18
2025-06-18 10:03:46.477419,44.5,1,44.45,4,44.65,1,1,2316,2025-06-18
2025-06-18 10:03:47.093053,44.5,1,44.45,4,44.6,2,2,2316,2025-06-18
2025-06-18 10:04:42.057381,44.5,2,44.5,3,44.55,1,1,2316,2025-06-18
2025-06-18 10:04:42.193366,44.5,2,44.5,1,44.55,1,2,2316,2025-06-18
2025-06-18 10:04:42.632267,44.5,1,44.45,5,44.55,1,2,2316,2025-06-18
2025-06-18 10:05:55.597038,44.45,1,44.45,5,44.5,5,2,2316,2025-06-18
2025-06-18 10:06:36.331102,44.45,1,44.45,5,44.5,7,2,2316,2025-06-18
2025-06-18 10:07:40.638389,44.5,7,44.45,6,44.55,1,1,2316,2025-06-18
2025-06-18 10:08:16.868221,44.55,2,44.45,6,44.65,3,1,2316,2025-06-18
2025-06-18 10:09:51.249908,44.55,1,44.5,6,44.6,3,1,2316,2025-06-18
2025-06-18 10:10:42.577408,44.55,1,44.5,6,44.6,3,1,2316,2025-06-18
2025-06-18 10:11:21.731700,44.65,8,44.55,3,44.7,2,1,2316,2025-06-18
2025-06-18 10:12:38.444448,44.7,4,44.6,6,44.8,2,1,2316,2025-06-18
2025-06-18 10:12:55.439718,44.8,2,44.65,2,44.85,1,1,2316,2025-06-18
2025-06-18 10:12:55.439718,44.85,5,44.65,2,44.85,1,1,2316,2025-06-18
2025-06-18 10:13:47.658783,44.8,1,44.75,2,44.8,1,1,2316,2025-06-18
2025-06-18 10:14:04.887529,44.8,1,44.75,2,44.85,2,1,2316,2025-06-18
2025-06-18 10:14:14.972198,44.8,3,44.75,1,44.8,2,1,2316,2025-06-18
2025-06-18 10:14:39.419277,44.8,1,44.75,1,44.8,2,1,2316,2025-06-18
2025-06-18 10:15:28.685242,44.75,1,44.7,1,44.8,3,2,2316,2025-06-18
2025-06-18 10:15:52.854183,44.75,1,44.65,2,44.75,1,1,2316,2025-06-18
2025-06-18 10:15:53.799913,44.75,1,44.65,6,44.8,3,1,2316,2025-06-18
2025-06-18 10:16:53.675821,44.75,1,44.7,2,44.75,4,1,2316,2025-06-18
2025-06-18 10:16:53.711061,44.75,4,44.7,2,44.8,3,1,2316,2025-06-18
2025-06-18 10:20:26.992865,44.75,1,44.75,2,44.8,4,1,2316,2025-06-18
2025-06-18 10:20:27.108111,44.75,1,44.75,1,44.8,4,2,2316,2025-06-18
2025-06-18 10:20:30.843615,44.75,1,44.5,5,44.8,3,2,2316,2025-06-18
2025-06-18 10:20:30.843615,44.7,2,44.5,5,44.8,3,2,2316,2025-06-18
2025-06-18 10:20:30.843615,44.65,2,44.5,5,44.8,3,2,2316,2025-06-18
2025-06-18 10:20:30.843615,44.6,3,44.5,5,44.8,3,2,2316,2025-06-18
2025-06-18 10:20:30.843615,44.55,1,44.5,5,44.8,3,2,2316,2025-06-18
2025-06-18 10:20:30.843615,44.5,1,44.5,5,44.8,3,2,2316,2025-06-18
2025-06-18 10:22:34.240682,44.5,1,44.45,5,44.7,6,1,2316,2025-06-18
2025-06-18 10:25:03.573567,44.7,2,44.55,4,44.7,4,1,2316,2025-06-18
2025-06-18 10:25:09.966318,44.7,4,44.55,4,44.75,2,1,2316,2025-06-18
2025-06-18 10:25:22.582740,44.75,1,44.6,2,44.75,1,1,2316,2025-06-18
2025-06-18 10:25:24.998171,44.75,1,44.75,1,44.8,4,1,2316,2025-06-18
2025-06-18 10:26:03.269121,44.75,1,44.6,1,44.8,3,2,2316,2025-06-18
2025-06-18 10:28:57.192675,44.7,1,44.6,4,44.75,2,1,2316,2025-06-18
2025-06-18 10:29:32.662896,44.75,2,44.6,4,44.8,3,1,2316,2025-06-18
2025-06-18 10:31:55.764103,44.75,3,44.7,3,44.85,7,1,2316,2025-06-18
2025-06-18 10:31:55.764103,44.8,4,44.7,3,44.85,7,1,2316,2025-06-18
2025-06-18 10:32:07.171089,44.85,6,44.7,7,44.85,1,1,2316,2025-06-18
2025-06-18 10:32:07.290159,44.75,1,44.75,2,44.85,1,2,2316,2025-06-18
2025-06-18 10:32:18.313227,44.75,1,44.75,2,44.85,1,2,2316,2025-06-18
2025-06-18 10:33:38.821039,44.85,1,44.8,1,44.85,2,1,2316,2025-06-18
2025-06-18 10:34:25.816707,44.85,2,44.75,2,44.95,11,1,2316,2025-06-18
2025-06-18 10:34:25.816707,44.9,6,44.75,2,44.95,11,1,2316,2025-06-18
2025-06-18 10:34:25.883192,44.95,11,44.75,3,45.0,32,1,2316,2025-06-18
2025-06-18 10:34:38.222360,44.85,1,44.85,3,44.95,1,2,2316,2025-06-18
2025-06-18 10:35:08.210308,44.85,1,44.85,2,44.95,1,2,2316,2025-06-18
2025-06-18 10:35:39.338682,44.95,1,44.85,3,45.0,12,1,2316,2025-06-18
2025-06-18 10:35:39.338682,45.0,19,44.85,3,45.0,12,1,2316,2025-06-18
2025-06-18 10:35:39.380174,45.0,12,44.9,4,45.05,1,1,2316,2025-06-18
2025-06-18 10:35:39.850223,44.9,2,44.9,2,45.05,2,2,2316,2025-06-18
2025-06-18 10:35:40.168809,45.05,2,44.9,3,45.1,3,1,2316,2025-06-18
2025-06-18 10:35:40.999256,45.1,3,44.9,2,45.1,1,1,2316,2025-06-18
2025-06-18 10:35:41.035081,45.1,1,45.0,3,45.15,5,1,2316,2025-06-18
2025-06-18 10:35:41.143713,45.0,3,45.0,2,45.15,5,2,2316,2025-06-18
2025-06-18 10:36:16.260161,44.95,1,44.95,2,45.1,1,2,2316,2025-06-18
2025-06-18 10:36:42.831224,44.95,1,44.9,5,45.1,1,1,2316,2025-06-18
2025-06-18 10:37:16.642027,44.95,1,44.9,4,45.1,2,1,2316,2025-06-18
2025-06-18 10:40:40.365973,44.95,2,44.9,4,45.0,11,1,2316,2025-06-18
2025-06-18 10:41:48.697498,45.0,12,44.95,3,45.1,3,1,2316,2025-06-18
2025-06-18 10:42:03.272542,45.0,2,45.0,1,45.1,4,2,2316,2025-06-18
2025-06-18 10:43:15.257711,45.0,1,45.0,7,45.1,7,2,2316,2025-06-18
2025-06-18 10:45:36.806361,45.05,1,45.05,4,45.1,7,2,2316,2025-06-18
2025-06-18 10:45:39.004447,45.05,1,45.05,3,45.1,7,2,2316,2025-06-18
2025-06-18 10:45:57.749998,45.1,3,45.05,4,45.1,6,1,2316,2025-06-18
2025-06-18 10:46:12.489928,45.1,2,45.05,4,45.1,5,1,2316,2025-06-18
2025-06-18 10:46:14.724080,45.05,1,45.05,3,45.1,5,2,2316,2025-06-18
2025-06-18 10:46:57.513545,45.1,4,45.05,3,45.15,12,1,2316,2025-06-18
2025-06-18 10:47:03.053643,45.05,1,45.05,2,45.15,12,2,2316,2025-06-18
2025-06-18 10:47:03.148220,45.05,1,45.05,1,45.15,12,2,2316,2025-06-18
2025-06-18 10:47:22.661490,45.05,1,45.05,1,45.15,12,2,2316,2025-06-18
2025-06-18 10:50:58.960755,45.1,2,45.1,3,45.15,12,1,2316,2025-06-18
2025-06-18 10:52:03.203635,45.05,1,45.05,4,45.1,1,2,2316,2025-06-18
2025-06-18 10:52:28.107643,45.1,2,45.1,1,45.15,14,2,2316,2025-06-18
2025-06-18 10:53:17.096355,45.1,1,45.1,1,45.15,12,1,2316,2025-06-18
2025-06-18 10:53:49.622804,45.1,1,45.05,4,45.15,12,2,2316,2025-06-18
2025-06-18 10:55:22.511790,45.1,2,45.1,1,45.15,14,1,2316,2025-06-18
2025-06-18 10:56:04.297556,45.15,14,45.1,6,45.2,32,1,2316,2025-06-18
2025-06-18 10:56:04.360870,45.2,32,45.15,2,45.25,3,1,2316,2025-06-18
2025-06-18 10:56:04.424216,45.15,1,45.15,2,45.25,3,2,2316,2025-06-18
2025-06-18 10:56:05.849502,45.25,1,45.15,2,45.25,2,1,2316,2025-06-18
2025-06-18 10:56:05.884715,45.25,1,45.15,2,45.25,1,1,2316,2025-06-18
2025-06-18 10:56:05.900212,45.25,1,45.15,2,45.3,21,1,2316,2025-06-18
2025-06-18 10:56:17.499641,45.3,1,45.15,2,45.3,22,1,2316,2025-06-18
2025-06-18 10:56:19.816298,45.3,1,45.15,2,45.3,21,1,2316,2025-06-18
2025-06-18 10:56:24.591016,45.3,3,45.15,2,45.3,18,1,2316,2025-06-18
2025-06-18 10:56:50.965814,45.2,4,45.2,1,45.3,18,2,2316,2025-06-18
2025-06-18 10:56:58.534963,45.2,1,45.15,6,45.2,1,2,2316,2025-06-18
2025-06-18 10:57:03.759863,45.2,1,45.15,6,45.3,16,1,2316,2025-06-18
2025-06-18 10:57:06.445486,45.2,1,45.2,5,45.3,18,2,2316,2025-06-18
2025-06-18 10:57:07.367341,45.3,5,45.2,5,45.3,13,1,2316,2025-06-18
2025-06-18 10:57:16.727464,45.3,1,45.2,7,45.3,10,1,2316,2025-06-18
2025-06-18 10:57:37.189813,45.3,1,45.2,3,45.3,11,1,2316,2025-06-18
2025-06-18 10:57:46.007171,45.3,11,45.4,9,45.45,7,1,2316,2025-06-18
2025-06-18 10:57:46.007171,45.35,5,45.4,9,45.45,7,1,2316,2025-06-18
2025-06-18 10:57:46.007171,45.4,5,45.4,9,45.45,7,1,2316,2025-06-18
2025-06-18 10:57:46.149356,45.4,2,45.4,7,45.45,7,2,2316,2025-06-18
2025-06-18 10:57:51.175640,45.45,7,45.4,7,45.5,1,1,2316,2025-06-18
2025-06-18 10:57:51.175640,45.5,13,45.4,7,45.5,1,1,2316,2025-06-18
2025-06-18 10:57:51.239574,45.5,1,45.45,5,45.6,13,1,2316,2025-06-18
2025-06-18 10:57:51.300268,45.45,1,45.45,6,45.6,13,2,2316,2025-06-18
2025-06-18 10:57:51.315370,45.45,1,45.45,5,45.6,13,2,2316,2025-06-18
2025-06-18 10:57:51.929277,45.45,2,45.45,1,45.6,13,2,2316,2025-06-18
2025-06-18 10:57:54.821727,45.55,2,45.4,7,45.6,13,1,2316,2025-06-18
2025-06-18 10:57:57.301008,45.45,1,45.4,9,45.6,13,1,2316,2025-06-18
2025-06-18 10:58:02.428638,45.5,1,45.4,7,45.6,13,1,2316,2025-06-18
2025-06-18 10:58:10.774809,45.5,1,45.4,7,45.6,13,1,2316,2025-06-18
2025-06-18 10:58:21.517475,45.6,5,45.5,2,45.6,8,1,2316,2025-06-18
2025-06-18 10:58:21.952976,45.6,4,45.5,3,45.6,4,1,2316,2025-06-18
2025-06-18 10:58:22.273672,45.5,1,45.5,2,45.6,4,2,2316,2025-06-18
2025-06-18 10:58:22.293028,45.5,1,45.5,1,45.6,4,2,2316,2025-06-18
2025-06-18 10:58:30.281220,45.6,1,45.5,4,45.6,3,1,2316,2025-06-18
2025-06-18 10:58:31.537640,45.6,3,45.5,5,45.7,1,1,2316,2025-06-18
2025-06-18 10:58:31.537640,45.7,2,45.5,5,45.7,1,1,2316,2025-06-18
2025-06-18 10:58:32.205376,45.55,1,45.55,2,45.6,1,2,2316,2025-06-18
2025-06-18 10:58:36.811753,45.6,1,45.75,5,45.8,6,1,2316,2025-06-18
2025-06-18 10:58:36.811753,45.7,1,45.75,5,45.8,6,1,2316,2025-06-18
2025-06-18 10:58:36.811753,45.75,3,45.75,5,45.8,6,1,2316,2025-06-18
2025-06-18 10:58:36.839856,45.75,3,45.75,2,45.8,6,2,2316,2025-06-18
2025-06-18 10:58:36.839967,45.75,1,45.75,1,45.8,6,2,2316,2025-06-18
2025-06-18 10:58:36.872757,45.75,1,45.5,4,45.8,4,2,2316,2025-06-18
2025-06-18 10:58:37.905807,45.55,2,45.45,3,45.5,1,2,2316,2025-06-18
2025-06-18 10:58:37.905807,45.5,2,45.45,3,45.5,1,2,2316,2025-06-18
2025-06-18 10:58:37.935601,45.5,1,45.45,3,45.75,4,1,2316,2025-06-18
2025-06-18 10:58:39.345581,45.45,1,45.45,1,45.7,4,2,2316,2025-06-18
2025-06-18 10:58:40.079438,45.7,4,45.45,1,45.8,6,1,2316,2025-06-18
2025-06-18 10:58:40.079438,45.75,6,45.45,1,45.8,6,1,2316,2025-06-18
2025-06-18 10:58:42.369381,45.8,6,45.5,5,45.9,4,1,2316,2025-06-18
2025-06-18 10:58:42.369381,45.85,3,45.5,5,45.9,4,1,2316,2025-06-18
2025-06-18 10:58:42.369381,45.9,7,45.5,5,45.9,4,1,2316,2025-06-18
2025-06-18 10:58:42.716720,45.6,2,45.6,1,45.9,6,2,2316,2025-06-18
2025-06-18 10:58:43.651222,45.9,6,45.65,4,45.95,1,1,2316,2025-06-18
2025-06-18 10:58:43.651222,45.95,4,45.65,4,45.95,1,1,2316,2025-06-18
2025-06-18 10:58:52.714931,46.0,7,46.0,3,46.1,1,1,2316,2025-06-18
2025-06-18 10:58:52.764892,46.1,1,46.05,3,46.25,2,1,2316,2025-06-18
2025-06-18 10:58:59.268163,46.25,2,46.05,5,46.45,1,1,2316,2025-06-18
2025-06-18 10:58:59.268163,46.3,1,46.05,5,46.45,1,1,2316,2025-06-18
2025-06-18 10:58:59.268163,46.4,2,46.05,5,46.45,1,1,2316,2025-06-18
2025-06-18 10:58:59.404790,46.05,2,45.8,3,46.05,1,2,2316,2025-06-18
2025-06-18 10:58:59.567396,45.85,1,45.85,2,46.05,1,2,2316,2025-06-18
2025-06-18 10:59:00.748457,46.15,1,46.15,1,46.2,2,2,2316,2025-06-18
2025-06-18 10:59:00.748515,46.15,1,45.85,2,46.2,1,2,2316,2025-06-18
2025-06-18 10:59:11.842745,46.2,1,46.2,6,46.25,1,2,2316,2025-06-18
2025-06-18 10:59:11.958983,46.2,1,46.2,6,46.25,1,2,2316,2025-06-18
2025-06-18 10:59:20.041869,46.2,1,46.2,6,46.25,1,2,2316,2025-06-18
2025-06-18 10:59:24.906111,46.2,1,46.2,5,46.25,1,2,2316,2025-06-18
2025-06-18 10:59:27.182391,46.25,1,46.2,4,46.35,2,1,2316,2025-06-18
2025-06-18 10:59:28.001387,46.2,4,46.2,2,46.3,9,2,2316,2025-06-18
2025-06-18 10:59:28.001960,46.2,2,46.15,1,46.3,9,2,2316,2025-06-18
2025-06-18 10:59:29.284656,46.0,1,46.0,3,46.2,9,2,2316,2025-06-18
2025-06-18 10:59:37.690071,46.1,1,45.85,10,46.1,2,1,2316,2025-06-18
2025-06-18 10:59:54.393376,46.0,1,46.1,1,46.2,18,1,2316,2025-06-18
2025-06-18 10:59:54.393376,46.1,8,46.1,1,46.2,18,1,2316,2025-06-18
2025-06-18 10:59:54.421847,46.1,1,45.9,1,46.2,17,2,2316,2025-06-18
2025-06-18 11:00:02.847083,46.0,1,46.0,9,46.1,4,2,2316,2025-06-18
2025-06-18 11:00:12.935359,46.0,1,46.0,8,46.1,6,2,2316,2025-06-18
2025-06-18 11:00:14.643944,46.0,1,46.0,7,46.1,6,2,2316,2025-06-18
2025-06-18 11:00:27.992924,46.1,1,46.0,8,46.1,5,1,2316,2025-06-18
2025-06-18 11:00:39.961764,46.1,4,46.1,6,46.15,8,1,2316,2025-06-18
2025-06-18 11:00:40.018469,46.15,5,46.1,6,46.15,1,1,2316,2025-06-18
2025-06-18 11:00:40.033980,46.15,1,46.1,6,46.2,13,1,2316,2025-06-18
2025-06-18 11:00:42.968004,46.2,10,46.1,7,46.2,3,1,2316,2025-06-18
2025-06-18 11:00:42.993560,46.2,2,46.15,1,46.2,1,1,2316,2025-06-18
2025-06-18 11:00:43.014732,46.2,1,46.15,4,46.25,1,1,2316,2025-06-18
2025-06-18 11:00:43.107006,46.2,1,46.2,2,46.3,9,2,2316,2025-06-18
2025-06-18 11:00:44.588110,46.3,3,46.2,2,46.3,6,1,2316,2025-06-18
2025-06-18 11:00:45.094387,46.25,2,46.2,3,46.3,6,2,2316,2025-06-18
2025-06-18 11:00:51.351141,46.3,6,46.35,2,46.45,4,1,2316,2025-06-18
2025-06-18 11:00:51.351141,46.35,2,46.35,2,46.45,4,1,2316,2025-06-18
2025-06-18 11:00:51.461068,46.35,2,46.35,2,46.45,2,2,2316,2025-06-18
2025-06-18 11:01:04.653259,46.45,2,46.4,2,46.45,2,1,2316,2025-06-18
2025-06-18 11:01:04.887939,46.45,1,46.4,2,46.45,1,1,2316,2025-06-18
2025-06-18 11:01:15.038567,46.45,1,46.45,1,46.5,13,1,2316,2025-06-18
2025-06-18 11:01:15.149284,46.45,1,46.45,1,46.5,13,2,2316,2025-06-18
2025-06-18 11:01:18.962912,46.45,1,46.4,3,46.5,13,2,2316,2025-06-18
2025-06-18 11:01:25.571256,46.45,1,46.35,2,46.45,2,1,2316,2025-06-18
2025-06-18 11:01:37.046553,46.35,1,46.35,1,46.45,11,2,2316,2025-06-18
2025-06-18 11:01:37.078926,46.35,1,46.2,2,46.4,3,2,2316,2025-06-18
2025-06-18 11:02:03.729456,46.15,1,46.15,1,46.35,3,2,2316,2025-06-18
2025-06-18 11:02:10.171603,46.15,1,46.15,1,46.35,3,2,2316,2025-06-18
2025-06-18 11:02:13.328200,46.35,3,46.15,3,46.35,2,1,2316,2025-06-18
2025-06-18 11:02:24.450640,46.35,4,46.15,3,46.45,10,1,2316,2025-06-18
2025-06-18 11:02:24.450640,46.4,2,46.15,3,46.45,10,1,2316,2025-06-18
2025-06-18 11:02:24.450640,46.45,3,46.15,3,46.45,10,1,2316,2025-06-18
2025-06-18 11:02:42.900046,46.4,1,46.2,3,46.45,8,1,2316,2025-06-18
2025-06-18 11:03:21.463015,46.4,3,46.2,2,46.4,5,1,2316,2025-06-18
2025-06-18 11:03:25.920255,46.35,1,46.2,2,46.4,6,2,2316,2025-06-18
2025-06-18 11:03:38.114960,46.2,1,46.15,3,46.35,1,2,2316,2025-06-18
2025-06-18 11:03:56.988976,46.2,1,46.15,3,46.3,1,2,2316,2025-06-18
2025-06-18 11:03:57.222301,46.15,1,46.15,2,46.3,11,2,2316,2025-06-18
2025-06-18 11:04:21.684985,46.15,4,46.15,2,46.3,12,2,2316,2025-06-18
2025-06-18 11:04:21.800116,46.15,1,46.15,1,46.3,12,2,2316,2025-06-18
2025-06-18 11:04:38.312712,46.15,1,46.15,5,46.2,1,2,2316,2025-06-18
2025-06-18 11:04:41.475996,46.2,1,46.15,5,46.3,11,1,2316,2025-06-18
2025-06-18 11:04:55.549473,46.2,2,46.15,10,46.3,10,1,2316,2025-06-18
2025-06-18 11:04:56.091097,46.15,10,46.0,5,46.3,10,2,2316,2025-06-18
2025-06-18 11:04:56.091097,46.1,6,46.0,5,46.3,10,2,2316,2025-06-18
2025-06-18 11:04:56.091097,46.0,4,46.0,5,46.3,10,2,2316,2025-06-18
2025-06-18 11:04:57.626128,46.0,1,46.0,5,46.25,2,2,2316,2025-06-18
2025-06-18 11:04:59.434549,46.25,1,46.0,5,46.25,1,1,2316,2025-06-18
2025-06-18 11:05:34.155093,46.05,1,46.05,4,46.2,3,2,2316,2025-06-18
2025-06-18 11:05:50.533683,46.2,1,46.15,4,46.25,2,1,2316,2025-06-18
2025-06-18 11:05:50.554596,46.25,2,46.15,4,46.3,10,1,2316,2025-06-18
2025-06-18 11:05:52.133168,46.2,1,46.15,5,46.25,1,1,2316,2025-06-18
2025-06-18 11:05:52.585633,46.15,4,46.15,1,46.25,1,2,2316,2025-06-18
2025-06-18 11:06:03.132355,46.25,1,46.2,6,46.3,10,1,2316,2025-06-18
2025-06-18 11:06:10.157754,46.3,7,46.25,2,46.3,3,1,2316,2025-06-18
2025-06-18 11:06:10.191427,46.3,2,46.25,2,46.3,1,1,2316,2025-06-18
2025-06-18 11:06:10.191491,46.3,1,46.25,2,46.35,5,1,2316,2025-06-18
2025-06-18 11:06:11.296772,46.35,5,46.3,4,46.4,9,1,2316,2025-06-18
2025-06-18 11:06:11.358556,46.4,9,46.35,2,46.45,5,1,2316,2025-06-18
2025-06-18 11:06:11.587064,46.4,1,46.4,2,46.45,5,2,2316,2025-06-18
2025-06-18 11:06:12.251396,46.4,1,46.35,4,46.45,5,2,2316,2025-06-18
2025-06-18 11:06:12.975205,46.45,1,46.4,3,46.45,5,1,2316,2025-06-18
2025-06-18 11:06:13.008012,46.45,4,46.4,3,46.5,20,1,2316,2025-06-18
2025-06-18 11:06:14.363406,46.45,4,46.4,2,46.5,20,2,2316,2025-06-18
2025-06-18 11:06:16.647899,46.4,1,46.4,1,46.5,20,2,2316,2025-06-18
2025-06-18 11:06:27.218266,46.4,1,46.35,3,46.5,21,2,2316,2025-06-18
2025-06-18 11:06:38.970491,46.4,1,46.3,1,46.45,1,2,2316,2025-06-18
2025-06-18 11:06:41.120144,46.35,1,46.3,1,46.45,1,2,2316,2025-06-18
2025-06-18 11:06:51.427519,46.45,1,46.45,4,46.5,21,1,2316,2025-06-18
2025-06-18 11:06:52.044843,46.45,1,46.45,4,46.5,21,2,2316,2025-06-18
2025-06-18 11:07:03.028640,46.45,1,46.45,3,46.5,27,2,2316,2025-06-18
2025-06-18 11:07:04.219556,46.5,27,46.5,4,46.6,2,1,2316,2025-06-18
2025-06-18 11:07:04.342112,46.55,1,46.5,2,46.6,2,2,2316,2025-06-18
2025-06-18 11:07:04.342112,46.5,3,46.5,2,46.6,2,2,2316,2025-06-18
2025-06-18 11:07:04.542948,46.6,1,46.55,1,46.6,1,1,2316,2025-06-18
2025-06-18 11:07:07.419445,46.55,1,46.45,4,46.6,1,2,2316,2025-06-18
2025-06-18 11:07:07.419445,46.5,1,46.45,4,46.6,1,2,2316,2025-06-18
2025-06-18 11:07:07.419445,46.45,1,46.45,4,46.6,1,2,2316,2025-06-18
2025-06-18 11:07:09.928370,46.5,1,46.45,4,46.6,1,2,2316,2025-06-18
2025-06-18 11:07:10.037285,46.45,2,46.45,1,46.6,2,2,2316,2025-06-18
2025-06-18 11:07:10.069627,46.6,1,46.45,1,46.6,1,1,2316,2025-06-18
2025-06-18 11:07:15.140094,46.6,1,46.5,2,46.65,1,2,2316,2025-06-18
2025-06-18 11:07:19.312886,46.6,2,46.5,5,46.6,10,1,2316,2025-06-18
2025-06-18 11:07:31.361932,46.55,1,46.5,5,46.6,10,1,2316,2025-06-18
2025-06-18 11:07:35.927429,46.6,1,46.5,5,46.6,7,1,2316,2025-06-18
2025-06-18 11:07:40.584525,46.6,4,46.5,5,46.6,3,1,2316,2025-06-18
2025-06-18 11:07:42.692869,46.6,1,46.5,5,46.6,3,1,2316,2025-06-18
2025-06-18 11:07:43.036970,46.6,1,46.5,5,46.6,2,1,2316,2025-06-18
2025-06-18 11:07:44.322482,46.6,1,46.5,6,46.6,1,1,2316,2025-06-18
2025-06-18 11:07:44.337817,46.6,1,46.5,6,46.65,1,1,2316,2025-06-18
2025-06-18 11:07:47.738026,46.6,2,46.55,1,46.65,1,2,2316,2025-06-18
2025-06-18 11:07:47.738026,46.55,1,46.55,1,46.65,1,2,2316,2025-06-18
2025-06-18 11:07:47.857642,46.55,1,46.55,1,46.65,1,2,2316,2025-06-18
2025-06-18 11:08:14.444053,46.55,1,46.55,3,46.65,1,2,2316,2025-06-18
2025-06-18 11:08:16.656462,46.55,1,46.55,2,46.65,1,2,2316,2025-06-18
2025-06-18 11:08:19.986428,46.65,1,46.55,6,46.7,3,1,2316,2025-06-18
2025-06-18 11:08:25.274707,46.7,1,46.65,1,46.7,2,1,2316,2025-06-18
2025-06-18 11:08:29.956834,46.7,1,46.65,1,46.7,1,1,2316,2025-06-18
2025-06-18 11:08:30.035293,46.7,1,46.65,1,46.75,4,1,2316,2025-06-18
2025-06-18 11:08:30.035293,46.75,1,46.65,1,46.75,4,1,2316,2025-06-18
2025-06-18 11:08:30.061567,46.65,1,46.6,6,46.75,4,2,2316,2025-06-18
2025-06-18 11:08:33.946761,46.7,1,46.7,1,46.75,4,2,2316,2025-06-18
2025-06-18 11:08:34.240611,46.7,1,46.65,5,46.75,4,2,2316,2025-06-18
2025-06-18 11:08:37.020543,46.75,1,46.7,1,46.75,3,1,2316,2025-06-18
2025-06-18 11:08:37.156009,46.7,1,46.65,5,46.75,3,2,2316,2025-06-18
2025-06-18 11:08:44.971468,46.75,4,46.65,7,46.75,1,1,2316,2025-06-18
2025-06-18 11:08:45.081486,46.75,1,46.65,7,46.8,5,1,2316,2025-06-18
2025-06-18 11:08:45.100033,46.65,3,46.65,4,46.8,5,2,2316,2025-06-18
2025-06-18 11:08:51.854598,46.7,2,46.65,4,46.8,6,1,2316,2025-06-18
2025-06-18 11:08:56.247302,46.7,1,46.65,4,46.8,6,2,2316,2025-06-18
2025-06-18 11:09:03.212225,46.8,1,46.7,1,46.8,5,1,2316,2025-06-18
2025-06-18 11:09:03.249319,46.8,1,46.75,3,46.8,4,1,2316,2025-06-18
2025-06-18 11:09:03.292220,46.75,3,46.7,1,46.8,4,2,2316,2025-06-18
2025-06-18 11:09:10.380384,46.8,2,46.7,1,46.8,2,1,2316,2025-06-18
2025-06-18 11:09:13.023908,46.75,1,46.7,1,46.8,2,2,2316,2025-06-18
2025-06-18 11:09:13.050459,46.7,1,46.65,4,46.7,9,2,2316,2025-06-18
2025-06-18 11:09:13.350312,46.7,1,46.65,4,46.7,8,1,2316,2025-06-18
2025-06-18 11:09:15.139811,46.65,2,46.65,2,46.7,8,2,2316,2025-06-18
2025-06-18 11:09:15.151709,46.65,2,46.6,3,46.7,8,2,2316,2025-06-18
2025-06-18 11:09:27.322123,46.65,1,46.6,3,46.65,1,2,2316,2025-06-18
2025-06-18 11:09:27.885200,46.65,1,46.65,1,46.7,8,1,2316,2025-06-18
2025-06-18 11:09:49.190705,46.65,2,46.65,3,46.7,9,2,2316,2025-06-18
2025-06-18 11:09:52.781085,46.65,1,46.65,4,46.7,9,2,2316,2025-06-18
2025-06-18 11:10:09.015918,46.65,2,46.65,2,46.7,9,2,2316,2025-06-18
2025-06-18 11:10:11.326518,46.7,9,46.65,2,46.8,1,1,2316,2025-06-18
2025-06-18 11:10:18.012808,46.65,2,46.65,6,46.8,1,2,2316,2025-06-18
2025-06-18 11:10:31.682754,46.75,1,46.7,8,46.8,1,1,2316,2025-06-18
2025-06-18 11:10:36.918673,46.7,4,46.7,7,46.8,1,2,2316,2025-06-18
2025-06-18 11:10:46.095788,46.7,1,46.7,6,46.8,1,2,2316,2025-06-18
2025-06-18 11:10:55.517660,46.7,1,46.7,6,46.8,1,2,2316,2025-06-18
2025-06-18 11:11:10.777684,46.7,1,46.7,5,46.8,1,2,2316,2025-06-18
2025-06-18 11:11:46.916311,46.7,2,46.7,7,46.8,3,2,2316,2025-06-18
2025-06-18 11:11:50.823140,46.7,2,46.7,5,46.8,3,2,2316,2025-06-18
2025-06-18 11:11:53.171441,46.7,1,46.7,4,46.8,3,2,2316,2025-06-18
2025-06-18 11:12:06.350515,46.7,2,46.7,2,46.8,3,2,2316,2025-06-18
2025-06-18 11:12:20.301770,46.7,1,46.7,1,46.75,1,2,2316,2025-06-18
2025-06-18 11:12:22.315751,46.7,1,46.65,7,46.75,1,2,2316,2025-06-18
2025-06-18 11:12:24.448251,46.7,1,46.65,6,46.7,2,2,2316,2025-06-18
2025-06-18 11:12:31.173799,46.7,7,46.7,3,46.75,1,1,2316,2025-06-18
2025-06-18 11:12:31.298638,46.7,2,46.7,1,46.75,1,2,2316,2025-06-18
2025-06-18 11:12:31.611874,46.7,1,46.65,6,46.8,4,2,2316,2025-06-18
2025-06-18 11:12:45.435611,46.7,5,46.7,4,46.75,1,1,2316,2025-06-18
2025-06-18 11:12:48.009340,46.7,2,46.7,3,46.75,1,2,2316,2025-06-18
2025-06-18 11:13:07.604712,46.7,1,46.7,2,46.75,1,2,2316,2025-06-18
2025-06-18 11:13:14.231102,46.7,2,46.65,3,46.75,1,2,2316,2025-06-18
2025-06-18 11:13:14.231102,46.65,3,46.65,3,46.75,1,2,2316,2025-06-18
2025-06-18 11:13:32.271651,46.65,1,46.65,1,46.75,1,2,2316,2025-06-18
2025-06-18 11:13:32.378637,46.65,1,46.55,6,46.75,1,2,2316,2025-06-18
2025-06-18 11:13:39.318323,46.65,1,46.55,6,46.75,1,2,2316,2025-06-18
2025-06-18 11:13:39.456083,46.55,2,46.55,4,46.75,1,2,2316,2025-06-18
2025-06-18 11:13:52.937270,46.55,1,46.55,3,46.7,1,2,2316,2025-06-18
2025-06-18 11:14:03.298509,46.55,1,46.55,2,46.75,1,2,2316,2025-06-18
2025-06-18 11:14:03.414717,46.55,1,46.55,1,46.75,2,2,2316,2025-06-18
2025-06-18 11:14:10.503926,46.55,1,46.55,1,46.75,1,2,2316,2025-06-18
2025-06-18 11:14:11.437293,46.75,2,46.55,2,46.9,5,1,2316,2025-06-18
2025-06-18 11:14:11.437293,46.8,5,46.55,2,46.9,5,1,2316,2025-06-18
2025-06-18 11:14:11.437293,46.85,6,46.55,2,46.9,5,1,2316,2025-06-18
2025-06-18 11:14:11.437293,46.9,1,46.55,2,46.9,5,1,2316,2025-06-18
2025-06-18 11:14:11.578516,46.6,2,46.6,2,46.9,5,2,2316,2025-06-18
2025-06-18 11:14:26.949186,46.85,1,46.6,2,46.9,4,2,2316,2025-06-18
2025-06-18 11:14:34.821114,46.9,3,46.65,4,46.9,1,1,2316,2025-06-18
2025-06-18 11:14:37.902396,46.8,1,46.7,2,46.9,1,1,2316,2025-06-18
2025-06-18 11:14:48.510694,46.85,1,46.7,4,46.9,1,1,2316,2025-06-18
2025-06-18 11:14:57.130069,46.9,1,46.85,3,46.9,1,1,2316,2025-06-18
2025-06-18 11:14:57.872231,46.95,1,46.85,3,46.95,2,1,2316,2025-06-18
2025-06-18 11:15:01.391945,46.9,1,46.85,4,46.95,2,1,2316,2025-06-18
2025-06-18 11:15:05.090222,46.95,1,46.85,4,46.95,1,1,2316,2025-06-18
2025-06-18 11:15:12.480328,46.95,1,46.95,6,47.0,21,1,2316,2025-06-18
2025-06-18 11:15:14.892145,47.0,5,46.95,7,47.0,16,1,2316,2025-06-18
2025-06-18 11:15:14.992176,46.95,1,46.95,7,47.0,16,2,2316,2025-06-18
2025-06-18 11:15:15.297527,47.0,5,46.95,6,47.0,11,1,2316,2025-06-18
2025-06-18 11:15:15.693842,46.95,4,46.95,2,47.0,11,2,2316,2025-06-18
2025-06-18 11:15:17.669534,47.0,4,46.95,3,47.0,7,1,2316,2025-06-18
2025-06-18 11:15:19.925589,47.0,2,46.95,3,47.0,5,1,2316,2025-06-18
2025-06-18 11:15:23.387699,47.0,2,46.95,3,47.0,3,1,2316,2025-06-18
2025-06-18 11:15:25.167890,47.0,1,46.95,3,47.0,2,1,2316,2025-06-18
2025-06-18 11:15:30.611950,47.0,2,47.0,4,47.05,2,1,2316,2025-06-18
2025-06-18 11:15:36.715194,47.0,2,47.0,5,47.05,2,2,2316,2025-06-18
2025-06-18 11:15:49.896845,47.0,1,47.0,4,47.05,2,2,2316,2025-06-18
2025-06-18 11:15:51.652671,47.05,1,47.0,4,47.05,1,1,2316,2025-06-18
2025-06-18 11:15:51.777786,47.0,1,47.0,3,47.05,1,2,2316,2025-06-18
2025-06-18 11:15:53.668713,47.0,1,47.0,2,47.05,1,2,2316,2025-06-18
2025-06-18 11:15:57.292702,47.0,2,46.95,4,47.05,3,2,2316,2025-06-18
2025-06-18 11:15:57.489287,46.95,1,46.95,3,47.05,2,2,2316,2025-06-18
2025-06-18 11:16:34.210356,46.95,1,46.95,6,47.0,2,2,2316,2025-06-18
2025-06-18 11:16:44.696086,47.0,2,46.95,6,47.05,1,1,2316,2025-06-18
2025-06-18 11:17:15.563345,47.0,1,46.95,8,47.0,2,1,2316,2025-06-18
2025-06-18 11:17:24.029815,47.0,2,47.0,3,47.05,1,1,2316,2025-06-18
2025-06-18 11:17:25.494059,47.05,1,47.0,4,47.1,2,1,2316,2025-06-18
2025-06-18 11:17:48.030016,47.1,1,47.0,6,47.1,1,1,2316,2025-06-18
2025-06-18 11:17:48.063372,47.1,1,47.0,6,47.15,1,1,2316,2025-06-18
2025-06-18 11:17:48.063372,47.15,1,47.0,6,47.15,1,1,2316,2025-06-18
2025-06-18 11:17:49.343470,47.15,1,47.25,2,47.3,12,1,2316,2025-06-18
2025-06-18 11:17:49.343470,47.2,4,47.25,2,47.3,12,1,2316,2025-06-18
2025-06-18 11:17:49.343470,47.25,3,47.25,2,47.3,12,1,2316,2025-06-18
2025-06-18 11:17:49.379603,47.25,2,47.05,1,47.3,12,2,2316,2025-06-18
2025-06-18 11:17:49.392812,47.25,2,47.25,1,47.3,12,2,2316,2025-06-18
2025-06-18 11:17:49.409935,47.25,1,47.0,5,47.3,12,2,2316,2025-06-18
2025-06-18 11:17:50.135826,47.0,2,47.0,3,47.3,12,2,2316,2025-06-18
2025-06-18 11:17:52.843813,47.3,10,47.0,4,47.3,2,1,2316,2025-06-18
2025-06-18 11:18:00.150811,47.1,1,47.05,2,47.2,4,2,2316,2025-06-18
2025-06-18 11:18:07.389672,47.05,1,47.05,6,47.2,4,2,2316,2025-06-18
2025-06-18 11:18:11.040428,47.1,1,47.1,1,47.2,4,2,2316,2025-06-18
2025-06-18 11:18:11.085816,47.1,1,47.05,6,47.2,4,2,2316,2025-06-18
2025-06-18 11:18:13.746741,47.2,1,47.05,6,47.2,3,1,2316,2025-06-18
2025-06-18 11:18:16.050092,47.2,1,47.05,6,47.2,2,1,2316,2025-06-18
2025-06-18 11:18:22.394337,47.1,1,47.05,6,47.2,7,2,2316,2025-06-18
2025-06-18 11:18:23.852957,47.2,1,47.05,6,47.2,6,1,2316,2025-06-18
2025-06-18 11:18:38.022743,47.1,2,47.05,6,47.15,1,2,2316,2025-06-18
2025-06-18 11:18:40.897894,47.1,1,47.05,6,47.15,2,2,2316,2025-06-18
2025-06-18 11:18:52.404285,47.1,1,47.05,6,47.15,7,1,2316,2025-06-18
2025-06-18 11:18:52.430354,47.05,6,47.0,2,47.15,7,2,2316,2025-06-18
2025-06-18 11:18:53.442457,47.1,1,47.0,2,47.15,7,2,2316,2025-06-18
2025-06-18 11:18:56.133618,47.05,1,47.05,3,47.15,7,2,2316,2025-06-18
2025-06-18 11:19:00.323683,47.05,1,47.05,2,47.15,8,2,2316,2025-06-18
2025-06-18 11:19:10.908151,47.05,4,47.0,7,47.05,1,2,2316,2025-06-18
2025-06-18 11:19:11.652482,47.05,1,47.0,7,47.05,1,1,2316,2025-06-18
2025-06-18 11:19:15.583471,47.05,1,47.05,5,47.1,4,1,2316,2025-06-18
2025-06-18 11:19:16.882691,47.1,5,47.05,5,47.15,5,1,2316,2025-06-18
2025-06-18 11:19:26.164932,47.1,1,47.1,4,47.15,5,2,2316,2025-06-18
2025-06-18 11:19:31.391467,47.1,3,47.1,1,47.15,4,2,2316,2025-06-18
2025-06-18 11:19:37.957591,47.1,1,47.0,6,47.15,4,2,2316,2025-06-18
2025-06-18 11:19:38.020728,47.15,2,47.0,6,47.15,2,1,2316,2025-06-18
2025-06-18 11:20:13.921560,47.05,1,47.0,6,47.1,2,1,2316,2025-06-18
2025-06-18 11:20:50.645264,47.05,1,47.0,6,47.1,2,2,2316,2025-06-18
2025-06-18 11:20:53.489891,47.1,3,47.1,7,47.15,2,1,2316,2025-06-18
2025-06-18 11:21:17.339396,47.15,3,47.15,2,47.2,8,1,2316,2025-06-18
2025-06-18 11:21:38.976291,47.15,1,47.15,1,47.2,8,2,2316,2025-06-18
2025-06-18 11:21:40.123500,47.15,1,47.1,5,47.2,8,2,2316,2025-06-18
2025-06-18 11:21:40.123500,47.1,4,47.1,5,47.2,8,2,2316,2025-06-18
2025-06-18 11:21:46.538472,47.2,3,47.15,11,47.2,6,1,2316,2025-06-18
2025-06-18 11:21:46.840934,47.2,3,47.15,11,47.2,3,1,2316,2025-06-18
2025-06-18 11:21:46.865859,47.2,1,47.15,11,47.2,2,1,2316,2025-06-18
2025-06-18 11:21:49.812723,47.15,3,47.15,8,47.2,2,2,2316,2025-06-18
2025-06-18 11:21:53.985658,47.15,1,47.15,7,47.2,2,2,2316,2025-06-18
2025-06-18 11:22:38.728827,47.2,1,47.15,9,47.2,1,1,2316,2025-06-18
2025-06-18 11:22:51.617916,47.2,1,47.15,9,47.25,4,1,2316,2025-06-18
2025-06-18 11:23:11.979391,47.25,3,47.2,3,47.3,9,1,2316,2025-06-18
2025-06-18 11:23:16.578506,47.3,9,47.2,3,47.5,11,1,2316,2025-06-18
2025-06-18 11:23:16.578506,47.4,8,47.2,3,47.5,11,1,2316,2025-06-18
2025-06-18 11:23:16.578506,47.5,13,47.2,3,47.5,11,1,2316,2025-06-18
2025-06-18 11:23:16.610175,47.5,2,47.2,3,47.5,9,1,2316,2025-06-18
2025-06-18 11:23:18.726355,47.25,1,47.25,1,47.5,11,2,2316,2025-06-18
2025-06-18 11:23:23.323192,47.45,5,47.25,2,47.7,8,1,2316,2025-06-18
2025-06-18 11:23:23.323192,47.5,11,47.25,2,47.7,8,1,2316,2025-06-18
2025-06-18 11:23:23.323192,47.6,19,47.25,2,47.7,8,1,2316,2025-06-18
2025-06-18 11:23:23.323192,47.65,36,47.25,2,47.7,8,1,2316,2025-06-18
2025-06-18 11:23:23.323192,47.7,129,47.25,2,47.7,8,1,2316,2025-06-18
2025-06-18 11:23:23.349369,47.7,1,47.25,2,47.7,7,1,2316,2025-06-18
2025-06-18 11:23:23.349756,47.7,1,47.25,2,47.7,5,1,2316,2025-06-18
2025-06-18 11:23:23.349801,47.7,2,47.25,2,47.7,3,1,2316,2025-06-18
2025-06-18 11:23:23.350186,47.7,3,0.0,291,0.0,0,1,2316,2025-06-18
2025-06-18 11:23:23.453055,47.7,2,0.0,451,0.0,0,1,2316,2025-06-18
2025-06-18 11:23:23.851591,47.7,1,0.0,451,0.0,0,1,2316,2025-06-18
2025-06-18 11:23:23.855011,47.7,5,0.0,158,0.0,0,1,2316,2025-06-18
2025-06-18 11:23:23.889311,47.7,1,0.0,157,0.0,0,1,2316,2025-06-18
2025-06-18 11:23:24.147979,47.7,7,0.0,140,0.0,0,1,2316,2025-06-18
2025-06-18 11:23:24.487971,47.7,1,0.0,131,0.0,0,1,2316,2025-06-18
2025-06-18 11:23:28.116506,47.7,1,0.0,33,0.0,0,1,2316,2025-06-18
2025-06-18 11:23:30.436647,47.7,13,0.0,21,0.0,0,1,2316,2025-06-18
2025-06-18 11:23:31.075421,47.7,1,0.0,20,0.0,0,1,2316,2025-06-18
2025-06-18 11:23:31.354157,47.7,1,0.0,19,0.0,0,1,2316,2025-06-18
2025-06-18 11:23:31.500332,47.7,1,0.0,18,0.0,0,1,2316,2025-06-18
2025-06-18 11:23:34.082575,47.7,1,0.0,17,0.0,0,1,2316,2025-06-18
2025-06-18 11:23:36.329299,47.7,1,0.0,17,0.0,0,1,2316,2025-06-18
2025-06-18 11:23:40.943891,47.7,10,0.0,3,0.0,0,1,2316,2025-06-18
2025-06-18 11:23:40.972195,47.7,2,0.0,1,0.0,0,1,2316,2025-06-18
2025-06-18 11:23:41.240974,47.7,1,47.7,8,0.0,0,1,2316,2025-06-18
2025-06-18 11:23:42.293830,47.7,1,47.7,7,0.0,0,1,2316,2025-06-18
2025-06-18 11:23:43.121800,47.7,1,47.7,6,0.0,0,1,2316,2025-06-18
2025-06-18 11:23:44.243634,47.7,3,47.7,3,0.0,0,1,2316,2025-06-18
2025-06-18 11:23:44.614339,47.7,1,47.7,2,0.0,0,1,2316,2025-06-18
2025-06-18 11:23:46.616372,47.7,3,47.3,3,0.0,0,1,2316,2025-06-18
2025-06-18 11:23:47.839136,47.65,2,47.3,3,47.7,8,1,2316,2025-06-18
2025-06-18 11:23:49.655032,47.6,1,47.3,3,47.6,2,1,2316,2025-06-18
2025-06-18 11:23:57.243711,47.6,1,47.35,2,47.6,1,1,2316,2025-06-18
2025-06-18 11:24:07.441250,47.4,1,47.4,2,47.65,7,2,2316,2025-06-18
2025-06-18 11:24:19.950782,47.6,1,47.45,4,47.6,6,1,2316,2025-06-18
2025-06-18 11:24:22.255334,47.55,1,47.45,4,47.6,6,2,2316,2025-06-18
2025-06-18 11:24:27.966360,47.55,1,47.45,5,47.6,6,2,2316,2025-06-18
2025-06-18 11:24:34.601574,47.6,1,47.45,6,47.6,7,1,2316,2025-06-18
2025-06-18 11:24:35.189426,47.6,1,47.45,6,47.6,6,1,2316,2025-06-18
2025-06-18 11:24:36.675092,47.6,1,47.45,6,47.6,5,1,2316,2025-06-18
2025-06-18 11:24:51.657181,47.55,1,47.5,1,47.55,2,1,2316,2025-06-18
2025-06-18 11:24:53.050186,47.5,1,47.45,5,47.55,2,2,2316,2025-06-18
2025-06-18 11:25:00.366488,47.55,1,47.5,1,47.55,1,1,2316,2025-06-18
2025-06-18 11:25:02.931078,47.55,1,47.5,1,47.6,5,1,2316,2025-06-18
2025-06-18 11:25:02.931078,47.6,2,47.5,1,47.6,5,1,2316,2025-06-18
2025-06-18 11:25:19.067539,47.5,2,47.45,4,47.6,10,2,2316,2025-06-18
2025-06-18 11:25:23.402562,47.55,1,47.45,4,47.55,1,1,2316,2025-06-18
2025-06-18 11:25:24.724717,47.5,3,47.45,4,47.55,1,2,2316,2025-06-18
2025-06-18 11:25:58.819009,47.5,10,47.5,16,47.55,5,2,2316,2025-06-18
2025-06-18 11:26:01.694077,47.55,1,47.5,16,47.55,4,1,2316,2025-06-18
2025-06-18 11:26:02.136816,47.55,2,47.5,16,47.55,2,1,2316,2025-06-18
2025-06-18 11:26:06.647340,47.5,1,47.5,15,47.55,2,2,2316,2025-06-18
2025-06-18 11:26:17.281242,47.55,1,47.5,25,47.55,1,1,2316,2025-06-18
2025-06-18 11:26:17.288268,47.5,1,47.5,24,47.55,1,2,2316,2025-06-18
2025-06-18 11:26:23.347453,47.55,1,47.5,24,47.6,11,1,2316,2025-06-18
2025-06-18 11:26:39.987463,47.55,2,47.5,24,47.6,12,2,2316,2025-06-18
2025-06-18 11:26:58.957553,47.6,2,47.55,7,47.6,10,1,2316,2025-06-18
2025-06-18 11:27:07.015276,47.6,2,47.55,10,47.6,8,1,2316,2025-06-18
2025-06-18 11:27:07.276674,47.55,5,47.55,5,47.6,8,2,2316,2025-06-18
2025-06-18 11:27:14.850285,47.55,1,47.55,5,47.6,8,2,2316,2025-06-18
2025-06-18 11:27:25.719981,47.55,1,47.55,5,47.6,10,2,2316,2025-06-18
2025-06-18 11:27:30.339103,47.6,2,47.55,7,47.6,8,1,2316,2025-06-18
2025-06-18 11:27:30.935711,47.55,1,47.55,6,47.6,9,2,2316,2025-06-18
2025-06-18 11:27:41.814419,47.55,4,47.55,2,47.6,9,2,2316,2025-06-18
2025-06-18 11:28:07.538007,47.55,5,47.5,5,47.6,14,2,2316,2025-06-18
2025-06-18 11:28:07.566887,47.5,5,47.45,3,47.6,14,2,2316,2025-06-18
2025-06-18 11:28:23.799270,47.45,3,47.4,5,47.55,27,2,2316,2025-06-18
2025-06-18 11:28:37.805835,47.4,4,47.35,2,47.5,1,2,2316,2025-06-18
2025-06-18 11:29:14.067664,47.5,1,47.35,2,47.5,2,1,2316,2025-06-18
2025-06-18 11:29:36.828521,47.4,4,47.35,3,47.5,14,2,2316,2025-06-18
2025-06-18 11:29:44.690267,47.35,3,47.3,4,47.45,3,2,2316,2025-06-18
2025-06-18 11:29:51.844159,47.3,2,47.3,2,47.4,2,2,2316,2025-06-18
2025-06-18 11:29:59.727504,47.3,2,47.25,5,47.4,2,2,2316,2025-06-18
2025-06-18 11:29:59.849653,47.25,5,47.2,2,47.3,1,2,2316,2025-06-18
2025-06-18 11:30:06.715285,47.2,1,47.2,1,47.3,1,2,2316,2025-06-18
2025-06-18 11:30:09.552795,47.3,1,47.2,1,47.45,3,1,2316,2025-06-18
2025-06-18 11:30:21.263673,47.25,1,47.2,1,47.3,1,1,2316,2025-06-18
2025-06-18 11:30:47.303522,47.25,1,47.25,1,47.3,2,2,2316,2025-06-18
2025-06-18 11:31:10.594653,47.25,1,47.2,22,47.25,1,2,2316,2025-06-18
2025-06-18 11:31:10.619677,47.25,1,47.2,22,47.3,2,1,2316,2025-06-18
2025-06-18 11:31:10.652458,47.3,2,47.2,22,47.4,3,1,2316,2025-06-18
2025-06-18 11:31:14.089506,47.25,1,47.2,22,47.25,2,1,2316,2025-06-18
2025-06-18 11:31:15.701863,47.25,2,47.2,22,47.45,1,1,2316,2025-06-18
2025-06-18 11:32:47.272048,47.3,5,47.3,2,47.45,1,2,2316,2025-06-18
2025-06-18 11:33:02.672822,47.3,1,47.3,1,47.45,1,2,2316,2025-06-18
2025-06-18 11:33:07.107214,47.45,1,47.3,17,47.5,45,1,2316,2025-06-18
2025-06-18 11:33:36.001428,47.45,1,47.45,1,47.5,45,1,2316,2025-06-18
2025-06-18 11:34:06.755201,47.45,1,47.4,1,47.5,45,2,2316,2025-06-18
2025-06-18 11:34:06.755201,47.4,1,47.4,1,47.5,45,2,2316,2025-06-18
2025-06-18 11:34:26.505205,47.4,3,47.35,6,47.4,1,2,2316,2025-06-18
2025-06-18 11:34:42.658231,47.35,1,47.35,6,47.4,1,2,2316,2025-06-18
2025-06-18 11:35:43.543658,47.35,1,47.35,7,47.5,45,2,2316,2025-06-18
2025-06-18 11:36:21.845295,47.35,1,47.35,7,47.5,45,2,2316,2025-06-18
2025-06-18 11:36:30.871768,47.35,7,47.3,17,47.5,45,2,2316,2025-06-18
2025-06-18 11:36:37.398599,47.45,1,47.45,2,47.5,45,2,2316,2025-06-18
2025-06-18 11:36:40.872991,47.45,2,47.3,17,47.5,45,2,2316,2025-06-18
2025-06-18 11:37:40.484101,47.35,2,47.3,18,47.45,3,2,2316,2025-06-18
2025-06-18 11:39:55.628826,47.35,1,47.3,19,47.4,1,2,2316,2025-06-18
2025-06-18 11:40:11.270541,47.3,6,47.3,13,47.4,1,2,2316,2025-06-18
2025-06-18 11:40:37.956340,47.4,1,47.35,1,47.45,3,1,2316,2025-06-18
2025-06-18 11:40:50.952063,47.45,1,47.35,1,47.45,2,1,2316,2025-06-18
2025-06-18 11:41:16.883414,47.45,1,47.35,2,47.45,1,1,2316,2025-06-18
2025-06-18 11:41:17.242629,47.4,1,47.35,2,47.45,1,1,2316,2025-06-18
2025-06-18 11:41:17.822045,47.45,1,47.35,2,47.5,21,1,2316,2025-06-18
2025-06-18 11:41:17.822045,47.5,9,47.35,2,47.5,21,1,2316,2025-06-18
2025-06-18 11:41:25.163734,47.5,1,47.4,1,47.5,20,1,2316,2025-06-18
2025-06-18 11:42:25.127847,47.5,1,47.45,1,47.5,22,1,2316,2025-06-18
2025-06-18 11:42:58.423112,47.5,1,47.45,1,47.5,21,1,2316,2025-06-18
2025-06-18 11:43:18.267375,47.5,2,47.45,6,47.5,19,1,2316,2025-06-18
2025-06-18 11:43:51.519688,47.5,2,47.45,17,47.5,17,1,2316,2025-06-18
2025-06-18 11:44:01.593102,47.45,3,47.45,14,47.5,17,2,2316,2025-06-18
2025-06-18 11:44:10.683367,47.45,2,47.45,12,47.5,17,2,2316,2025-06-18
2025-06-18 11:44:10.708045,47.45,12,47.4,8,47.5,17,2,2316,2025-06-18
2025-06-18 11:44:32.129913,47.4,2,47.4,6,47.45,1,2,2316,2025-06-18
2025-06-18 11:45:06.519055,47.4,1,47.4,4,47.45,5,2,2316,2025-06-18
2025-06-18 11:45:21.798413,47.4,1,47.4,3,47.45,5,2,2316,2025-06-18
2025-06-18 11:46:17.231865,47.4,1,47.4,9,47.45,6,2,2316,2025-06-18
2025-06-18 11:46:18.184199,47.4,1,47.4,8,47.45,6,2,2316,2025-06-18
2025-06-18 11:46:25.821622,47.4,1,47.4,7,47.45,6,2,2316,2025-06-18
2025-06-18 11:46:55.759309,47.4,2,47.4,5,47.45,6,2,2316,2025-06-18
2025-06-18 11:47:03.922012,47.45,6,47.4,5,47.5,32,1,2316,2025-06-18
2025-06-18 11:47:50.049580,47.45,1,47.4,6,47.5,32,2,2316,2025-06-18
2025-06-18 11:48:05.391913,47.5,1,47.4,6,47.5,31,1,2316,2025-06-18
2025-06-18 11:48:26.734245,47.5,2,47.45,1,47.5,31,1,2316,2025-06-18
2025-06-18 11:48:52.853701,47.5,1,47.45,1,47.5,31,1,2316,2025-06-18
2025-06-18 11:49:03.735023,47.5,2,47.45,1,47.5,29,1,2316,2025-06-18
2025-06-18 11:49:46.014001,47.5,1,47.45,1,47.5,28,1,2316,2025-06-18
2025-06-18 11:49:57.767630,47.5,1,47.45,1,47.5,27,1,2316,2025-06-18
2025-06-18 11:49:59.993003,47.5,20,47.45,1,47.5,7,1,2316,2025-06-18
2025-06-18 11:50:06.534301,47.5,1,47.45,1,47.5,6,1,2316,2025-06-18
2025-06-18 11:50:18.708096,47.5,4,47.45,1,47.5,2,1,2316,2025-06-18
2025-06-18 11:50:18.846529,47.5,1,47.45,1,47.5,1,1,2316,2025-06-18
2025-06-18 11:50:22.256205,47.5,1,47.45,1,47.55,1,1,2316,2025-06-18
2025-06-18 11:50:27.233343,47.5,1,47.45,2,47.55,1,2,2316,2025-06-18
2025-06-18 11:50:37.476431,47.55,1,47.55,2,47.6,23,1,2316,2025-06-18
2025-06-18 11:50:57.505138,47.6,4,47.55,3,47.6,18,1,2316,2025-06-18
2025-06-18 11:51:18.505167,47.6,1,47.55,4,47.6,17,1,2316,2025-06-18
2025-06-18 11:51:25.770088,47.6,3,47.55,4,47.6,14,1,2316,2025-06-18
2025-06-18 11:51:29.646779,47.6,2,47.55,4,47.6,12,1,2316,2025-06-18
2025-06-18 11:51:38.529588,47.6,1,47.55,4,47.6,11,1,2316,2025-06-18
2025-06-18 11:51:47.702410,47.6,1,47.55,4,47.6,10,1,2316,2025-06-18
2025-06-18 11:51:51.062451,47.6,1,47.55,4,47.6,9,1,2316,2025-06-18
2025-06-18 11:51:54.645612,47.6,2,47.55,4,47.6,7,1,2316,2025-06-18
2025-06-18 11:51:58.972929,47.6,4,47.55,4,47.6,3,1,2316,2025-06-18
2025-06-18 11:52:10.087558,47.6,3,47.55,1,47.65,20,1,2316,2025-06-18
2025-06-18 11:52:55.879134,47.65,1,47.6,9,47.65,19,1,2316,2025-06-18
2025-06-18 11:53:09.677807,47.65,1,47.6,30,47.65,18,1,2316,2025-06-18
2025-06-18 11:53:15.333437,47.65,1,47.6,30,47.65,17,1,2316,2025-06-18
2025-06-18 11:53:24.563742,47.65,17,47.65,34,47.7,189,1,2316,2025-06-18
2025-06-18 11:53:26.941405,47.7,1,47.65,35,47.7,188,1,2316,2025-06-18
2025-06-18 11:53:32.423566,47.7,3,47.65,35,47.7,187,1,2316,2025-06-18
2025-06-18 11:53:32.441498,47.7,5,47.65,35,47.7,182,1,2316,2025-06-18
2025-06-18 11:53:32.444696,47.65,2,47.65,33,47.7,182,2,2316,2025-06-18
2025-06-18 11:53:32.891424,47.7,1,47.65,33,47.7,181,1,2316,2025-06-18
2025-06-18 11:53:34.898668,47.7,1,47.65,33,47.7,180,1,2316,2025-06-18
2025-06-18 11:53:36.063316,47.7,1,47.65,33,47.7,180,1,2316,2025-06-18
2025-06-18 11:53:38.390649,47.7,2,47.65,33,47.7,178,1,2316,2025-06-18
2025-06-18 11:53:40.355470,47.7,1,47.65,33,47.7,178,1,2316,2025-06-18
2025-06-18 11:53:41.069126,47.7,5,47.65,33,47.7,173,1,2316,2025-06-18
2025-06-18 11:53:44.824512,47.7,10,47.65,33,47.7,163,1,2316,2025-06-18
2025-06-18 11:53:48.512458,47.7,1,47.65,33,47.7,163,1,2316,2025-06-18
2025-06-18 11:53:52.264348,47.7,9,47.65,33,47.7,154,1,2316,2025-06-18
2025-06-18 11:53:52.578337,47.7,1,47.65,33,47.7,153,1,2316,2025-06-18
2025-06-18 11:53:54.915815,47.7,1,47.65,37,47.7,157,1,2316,2025-06-18
2025-06-18 11:53:56.252940,47.7,50,47.65,37,47.7,107,1,2316,2025-06-18
2025-06-18 11:53:57.947527,47.7,10,47.65,37,47.7,98,1,2316,2025-06-18
2025-06-18 11:53:57.988502,47.7,12,47.65,37,47.7,86,1,2316,2025-06-18
2025-06-18 11:53:58.481839,47.7,1,47.65,37,47.7,85,1,2316,2025-06-18
2025-06-18 11:53:58.529871,47.7,3,47.65,37,47.7,82,1,2316,2025-06-18
2025-06-18 11:54:00.170294,47.7,1,47.65,38,47.7,81,1,2316,2025-06-18
2025-06-18 11:54:00.607871,47.7,1,47.65,38,47.7,80,1,2316,2025-06-18
2025-06-18 11:54:01.987241,47.7,5,47.65,33,47.7,68,1,2316,2025-06-18
2025-06-18 11:54:04.043835,47.7,20,47.65,33,47.7,48,1,2316,2025-06-18
2025-06-18 11:54:04.650352,47.7,1,47.65,33,47.7,47,1,2316,2025-06-18
2025-06-18 11:54:04.679681,47.7,1,47.65,33,47.7,46,1,2316,2025-06-18
2025-06-18 11:54:06.128142,47.65,1,47.65,32,47.7,45,2,2316,2025-06-18
2025-06-18 11:54:09.189479,47.7,1,47.65,32,47.7,44,1,2316,2025-06-18
2025-06-18 11:54:15.147117,47.7,5,47.65,32,47.7,39,1,2316,2025-06-18
2025-06-18 11:54:22.965221,47.65,12,47.65,20,47.7,60,2,2316,2025-06-18
2025-06-18 11:54:42.502019,47.7,1,47.65,20,47.7,41,1,2316,2025-06-18
2025-06-18 11:54:46.980717,47.65,1,47.65,19,47.7,41,2,2316,2025-06-18
2025-06-18 11:54:50.609440,47.7,12,47.65,19,47.7,30,1,2316,2025-06-18
2025-06-18 11:54:53.907058,47.65,5,47.65,14,47.7,25,2,2316,2025-06-18
2025-06-18 11:54:56.944189,47.7,6,47.65,14,47.7,20,1,2316,2025-06-18
2025-06-18 11:54:59.836639,47.7,2,47.65,14,47.7,18,1,2316,2025-06-18
2025-06-18 11:55:00.034403,47.7,1,47.65,14,47.7,17,1,2316,2025-06-18
2025-06-18 11:55:11.241602,47.7,1,47.65,14,47.7,17,1,2316,2025-06-18
2025-06-18 11:55:21.021930,47.65,3,47.65,11,47.7,24,2,2316,2025-06-18
2025-06-18 11:55:23.586830,47.7,1,47.65,11,47.7,23,1,2316,2025-06-18
2025-06-18 11:55:24.328190,47.7,1,47.65,11,47.7,22,1,2316,2025-06-18
2025-06-18 11:55:26.994858,47.65,1,47.65,11,47.7,22,2,2316,2025-06-18
2025-06-18 11:55:37.020201,47.7,1,47.65,11,47.7,27,1,2316,2025-06-18
2025-06-18 11:55:49.418174,47.65,5,47.65,6,47.7,25,2,2316,2025-06-18
2025-06-18 11:55:50.305150,47.65,4,47.65,1,47.7,27,2,2316,2025-06-18
2025-06-18 11:55:57.205830,47.65,1,47.6,13,47.7,32,2,2316,2025-06-18
2025-06-18 11:55:57.346260,47.6,1,47.6,12,47.7,32,2,2316,2025-06-18
2025-06-18 11:56:21.165669,47.6,1,47.6,10,47.7,35,2,2316,2025-06-18
2025-06-18 11:56:30.240411,47.6,1,47.6,10,47.7,35,2,2316,2025-06-18
2025-06-18 11:56:49.484602,47.6,1,47.6,8,47.65,3,2,2316,2025-06-18
2025-06-18 11:57:06.111908,47.6,1,47.6,7,47.65,3,2,2316,2025-06-18
2025-06-18 11:57:12.443312,47.6,7,47.55,9,47.6,13,2,2316,2025-06-18
2025-06-18 11:57:19.781456,47.55,1,47.55,5,47.6,19,2,2316,2025-06-18
2025-06-18 11:57:22.318760,47.55,5,47.5,1,47.6,19,2,2316,2025-06-18
2025-06-18 11:57:30.918202,47.5,1,47.45,11,47.55,1,2,2316,2025-06-18
2025-06-18 11:57:38.613401,47.45,1,47.45,11,47.55,1,2,2316,2025-06-18
2025-06-18 11:57:43.676419,47.55,1,47.45,12,47.55,1,1,2316,2025-06-18
2025-06-18 11:57:54.712346,47.55,1,47.5,1,47.6,1,2,2316,2025-06-18
2025-06-18 11:58:01.597311,47.5,1,47.45,13,47.55,1,2,2316,2025-06-18
2025-06-18 11:58:03.856250,47.55,1,47.45,13,47.6,1,1,2316,2025-06-18
2025-06-18 11:58:10.764833,47.55,2,47.45,13,47.6,1,2,2316,2025-06-18
2025-06-18 11:58:23.847014,47.5,1,47.45,13,47.55,5,1,2316,2025-06-18
2025-06-18 11:58:35.312245,47.5,1,47.45,13,47.55,5,2,2316,2025-06-18
2025-06-18 11:58:39.405691,47.5,1,47.45,14,47.55,5,1,2316,2025-06-18
2025-06-18 11:58:41.639849,47.5,1,47.45,14,47.5,1,1,2316,2025-06-18
2025-06-18 11:59:38.164630,47.5,6,47.45,15,47.55,2,1,2316,2025-06-18
2025-06-18 12:00:39.584329,47.5,1,47.5,1,47.55,3,2,2316,2025-06-18
2025-06-18 12:00:41.739988,47.5,1,47.45,15,47.55,3,2,2316,2025-06-18
2025-06-18 12:00:45.391155,47.5,1,47.45,15,47.55,3,1,2316,2025-06-18
2025-06-18 12:00:47.737634,47.5,1,47.45,15,47.55,3,1,2316,2025-06-18
2025-06-18 12:00:49.501923,47.5,1,47.45,15,47.55,3,1,2316,2025-06-18
2025-06-18 12:00:49.958828,47.5,1,47.45,15,47.55,3,1,2316,2025-06-18
2025-06-18 12:00:56.483672,47.5,1,47.45,15,47.55,2,1,2316,2025-06-18
2025-06-18 12:00:56.483701,47.55,1,47.45,15,47.55,1,1,2316,2025-06-18
2025-06-18 12:01:39.855805,47.5,1,47.45,15,47.55,1,2,2316,2025-06-18
2025-06-18 12:02:03.989007,47.55,1,47.55,1,47.6,3,1,2316,2025-06-18
2025-06-18 12:02:04.108509,47.55,1,47.45,15,47.5,5,2,2316,2025-06-18
2025-06-18 12:02:04.133714,47.5,1,47.45,15,47.5,4,1,2316,2025-06-18
2025-06-18 12:02:05.128162,47.5,1,47.45,16,47.5,3,1,2316,2025-06-18
2025-06-18 12:02:10.858164,47.5,1,47.45,16,47.5,2,1,2316,2025-06-18
2025-06-18 12:02:11.607852,47.5,1,47.45,16,47.5,1,1,2316,2025-06-18
2025-06-18 12:02:16.726106,47.5,1,47.45,16,47.6,3,1,2316,2025-06-18
2025-06-18 12:02:22.899346,47.5,1,47.45,16,47.5,2,1,2316,2025-06-18
2025-06-18 12:02:53.896465,47.5,1,47.45,15,47.5,2,1,2316,2025-06-18
2025-06-18 12:03:15.645969,47.5,1,47.45,15,47.5,1,1,2316,2025-06-18
2025-06-18 12:03:20.465071,47.5,1,47.45,15,47.5,2,1,2316,2025-06-18
2025-06-18 12:03:24.040402,47.5,2,0.0,113,0.0,0,1,2316,2025-06-18
2025-06-18 12:03:24.040402,47.6,3,0.0,113,0.0,0,1,2316,2025-06-18
2025-06-18 12:03:24.040402,47.65,14,0.0,113,0.0,0,1,2316,2025-06-18
2025-06-18 12:03:24.040402,47.7,68,0.0,113,0.0,0,1,2316,2025-06-18
2025-06-18 12:03:24.127735,47.7,1,0.0,241,0.0,0,1,2316,2025-06-18
2025-06-18 12:03:35.127654,47.7,1,0.0,363,0.0,0,1,2316,2025-06-18
2025-06-18 12:03:43.087651,47.7,1,0.0,365,0.0,0,1,2316,2025-06-18
2025-06-18 12:03:44.349169,47.7,1,0.0,364,0.0,0,1,2316,2025-06-18
2025-06-18 12:04:00.349823,47.7,2,0.0,413,0.0,0,1,2316,2025-06-18
2025-06-18 12:04:02.323926,47.7,2,0.0,411,0.0,0,1,2316,2025-06-18
2025-06-18 12:04:15.386011,47.7,1,0.0,414,0.0,0,1,2316,2025-06-18
2025-06-18 12:04:21.523042,47.7,1,0.0,413,0.0,0,1,2316,2025-06-18
2025-06-18 12:04:36.310271,47.7,50,0.0,362,0.0,0,1,2316,2025-06-18
2025-06-18 12:04:44.317819,47.7,1,0.0,311,0.0,0,1,2316,2025-06-18
2025-06-18 12:04:51.109106,47.7,2,0.0,309,0.0,0,1,2316,2025-06-18
2025-06-18 12:04:52.795057,47.7,3,0.0,306,0.0,0,1,2316,2025-06-18
2025-06-18 12:05:27.766533,47.7,1,0.0,321,0.0,0,1,2316,2025-06-18
2025-06-18 12:05:40.549622,47.7,2,0.0,307,0.0,0,1,2316,2025-06-18
2025-06-18 12:05:40.621542,47.7,10,0.0,297,0.0,0,1,2316,2025-06-18
2025-06-18 12:06:20.708437,47.7,1,0.0,305,0.0,0,1,2316,2025-06-18
2025-06-18 12:06:23.005597,47.7,1,0.0,304,0.0,0,1,2316,2025-06-18
2025-06-18 12:06:24.573450,47.7,1,0.0,303,0.0,0,1,2316,2025-06-18
2025-06-18 12:06:33.241841,47.7,1,0.0,308,0.0,0,1,2316,2025-06-18
2025-06-18 12:07:06.962416,47.7,1,0.0,313,0.0,0,1,2316,2025-06-18
2025-06-18 12:07:21.943355,47.7,1,0.0,305,0.0,0,1,2316,2025-06-18
2025-06-18 12:08:08.819176,47.7,1,0.0,320,0.0,0,1,2316,2025-06-18
2025-06-18 12:08:25.537461,47.7,1,0.0,316,0.0,0,1,2316,2025-06-18
2025-06-18 12:08:35.805344,47.7,10,0.0,303,0.0,0,1,2316,2025-06-18
2025-06-18 12:08:42.906428,47.7,1,0.0,297,0.0,0,1,2316,2025-06-18
2025-06-18 12:08:44.109819,47.7,1,0.0,296,0.0,0,1,2316,2025-06-18
2025-06-18 12:08:59.103280,47.7,1,0.0,364,0.0,0,1,2316,2025-06-18
2025-06-18 12:09:11.712923,47.7,1,0.0,328,0.0,0,1,2316,2025-06-18
2025-06-18 12:09:19.988046,47.7,1,0.0,292,0.0,0,1,2316,2025-06-18
2025-06-18 12:09:24.262229,47.7,1,0.0,291,0.0,0,1,2316,2025-06-18
2025-06-18 12:10:28.199005,47.7,1,0.0,306,0.0,0,1,2316,2025-06-18
2025-06-18 12:10:29.146757,47.7,1,0.0,305,0.0,0,1,2316,2025-06-18
2025-06-18 12:11:04.021909,47.7,10,0.0,289,0.0,0,1,2316,2025-06-18
2025-06-18 12:11:12.299213,47.7,1,0.0,287,0.0,0,1,2316,2025-06-18
2025-06-18 12:11:31.847412,47.7,4,0.0,283,0.0,0,1,2316,2025-06-18
2025-06-18 12:12:30.097311,47.7,2,0.0,293,0.0,0,1,2316,2025-06-18
2025-06-18 12:13:11.919277,47.7,1,0.0,307,0.0,0,1,2316,2025-06-18
2025-06-18 12:14:11.989619,47.7,1,0.0,307,0.0,0,1,2316,2025-06-18
2025-06-18 12:14:47.445517,47.7,1,0.0,306,0.0,0,1,2316,2025-06-18
2025-06-18 12:14:57.231577,47.7,1,0.0,307,0.0,0,1,2316,2025-06-18
2025-06-18 12:15:02.030626,47.7,2,0.0,305,0.0,0,1,2316,2025-06-18
2025-06-18 12:15:32.322622,47.7,3,0.0,302,0.0,0,1,2316,2025-06-18
2025-06-18 12:15:47.504116,47.7,10,0.0,292,0.0,0,1,2316,2025-06-18
2025-06-18 12:16:00.621288,47.7,1,0.0,291,0.0,0,1,2316,2025-06-18
2025-06-18 12:16:18.452865,47.7,2,0.0,289,0.0,0,1,2316,2025-06-18
2025-06-18 12:17:32.304311,47.7,5,0.0,285,0.0,0,1,2316,2025-06-18
2025-06-18 12:17:46.767418,47.7,1,0.0,284,0.0,0,1,2316,2025-06-18
2025-06-18 12:18:52.969394,47.7,1,0.0,283,0.0,0,1,2316,2025-06-18
2025-06-18 12:20:16.323877,47.7,1,0.0,682,0.0,0,1,2316,2025-06-18
2025-06-18 12:21:21.322984,47.7,2,0.0,680,0.0,0,1,2316,2025-06-18
2025-06-18 12:23:17.575212,47.7,1,0.0,679,0.0,0,1,2316,2025-06-18
2025-06-18 12:23:42.100965,47.7,1,0.0,678,0.0,0,1,2316,2025-06-18
2025-06-18 12:24:32.311222,47.7,1,0.0,677,0.0,0,1,2316,2025-06-18
2025-06-18 12:24:57.777658,47.7,1,0.0,676,0.0,0,1,2316,2025-06-18
2025-06-18 12:24:59.921061,47.7,1,0.0,675,0.0,0,1,2316,2025-06-18
2025-06-18 12:25:27.645446,47.7,1,0.0,674,0.0,0,1,2316,2025-06-18
2025-06-18 12:25:46.114123,47.7,1,0.0,673,0.0,0,1,2316,2025-06-18
2025-06-18 12:26:00.517129,47.7,1,0.0,672,0.0,0,1,2316,2025-06-18
2025-06-18 12:26:25.106696,47.7,2,0.0,670,0.0,0,1,2316,2025-06-18
2025-06-18 12:26:42.516587,47.7,1,0.0,669,0.0,0,1,2316,2025-06-18
2025-06-18 12:26:58.058293,47.7,1,0.0,669,0.0,0,1,2316,2025-06-18
2025-06-18 12:27:26.771152,47.7,14,0.0,655,0.0,0,1,2316,2025-06-18
2025-06-18 12:28:02.941383,47.7,1,0.0,654,0.0,0,1,2316,2025-06-18
2025-06-18 12:28:21.183262,47.7,3,0.0,651,0.0,0,1,2316,2025-06-18
2025-06-18 12:28:33.746283,47.7,3,0.0,648,0.0,0,1,2316,2025-06-18
2025-06-18 12:28:39.657306,47.7,2,0.0,646,0.0,0,1,2316,2025-06-18
2025-06-18 12:31:15.743433,47.7,2,0.0,652,0.0,0,1,2316,2025-06-18
2025-06-18 12:33:20.995333,47.7,2,0.0,649,0.0,0,1,2316,2025-06-18
2025-06-18 12:33:35.677991,47.7,3,0.0,646,0.0,0,1,2316,2025-06-18
2025-06-18 12:34:21.862498,47.7,1,0.0,646,0.0,0,1,2316,2025-06-18
2025-06-18 12:34:27.973687,47.7,3,0.0,643,0.0,0,1,2316,2025-06-18
2025-06-18 12:35:48.275602,47.7,1,0.0,642,0.0,0,1,2316,2025-06-18
2025-06-18 12:35:51.487657,47.7,2,0.0,640,0.0,0,1,2316,2025-06-18
2025-06-18 12:35:57.921787,47.7,1,0.0,639,0.0,0,1,2316,2025-06-18
2025-06-18 12:36:45.096817,47.7,1,0.0,638,0.0,0,1,2316,2025-06-18
2025-06-18 12:37:45.699081,47.7,1,0.0,637,0.0,0,1,2316,2025-06-18
2025-06-18 12:39:17.348431,47.7,4,0.0,634,0.0,0,1,2316,2025-06-18
2025-06-18 12:40:10.072143,47.7,10,0.0,624,0.0,0,1,2316,2025-06-18
2025-06-18 12:40:25.260720,47.7,1,0.0,623,0.0,0,1,2316,2025-06-18
2025-06-18 12:40:59.203497,47.7,1,0.0,622,0.0,0,1,2316,2025-06-18
2025-06-18 12:42:01.242729,47.7,1,0.0,621,0.0,0,1,2316,2025-06-18
2025-06-18 12:42:22.681117,47.7,2,0.0,619,0.0,0,1,2316,2025-06-18
2025-06-18 12:42:52.263698,47.7,1,0.0,618,0.0,0,1,2316,2025-06-18
2025-06-18 12:43:55.883436,47.7,1,0.0,618,0.0,0,1,2316,2025-06-18
2025-06-18 12:47:11.960676,47.7,2,0.0,619,0.0,0,1,2316,2025-06-18
2025-06-18 12:52:21.991000,47.7,1,0.0,616,0.0,0,1,2316,2025-06-18
2025-06-18 12:52:52.644241,47.7,1,0.0,615,0.0,0,1,2316,2025-06-18
2025-06-18 12:57:30.884401,47.7,1,0.0,614,0.0,0,1,2316,2025-06-18
2025-06-18 12:59:06.418824,47.7,1,0.0,613,0.0,0,1,2316,2025-06-18
2025-06-18 12:59:53.029522,47.7,1,0.0,612,0.0,0,1,2316,2025-06-18
2025-06-18 13:01:18.268690,47.7,1,0.0,612,0.0,0,1,2316,2025-06-18
2025-06-18 13:01:18.471918,47.7,1,0.0,611,0.0,0,1,2316,2025-06-18
2025-06-18 13:01:20.077879,47.7,1,0.0,610,0.0,0,1,2316,2025-06-18
2025-06-18 13:03:50.069625,47.7,1,0.0,611,0.0,0,1,2316,2025-06-18
2025-06-18 13:05:16.897416,47.7,2,0.0,609,0.0,0,1,2316,2025-06-18
2025-06-18 13:06:20.077931,47.7,1,0.0,608,0.0,0,1,2316,2025-06-18
2025-06-18 13:06:25.202251,47.7,1,0.0,607,0.0,0,1,2316,2025-06-18
2025-06-18 13:08:14.920805,47.7,30,0.0,577,0.0,0,1,2316,2025-06-18
2025-06-18 13:08:15.343665,47.7,2,0.0,575,0.0,0,1,2316,2025-06-18
2025-06-18 13:08:50.048064,47.7,1,0.0,574,0.0,0,1,2316,2025-06-18
2025-06-18 13:09:35.951244,47.7,1,0.0,574,0.0,0,1,2316,2025-06-18
2025-06-18 13:10:42.505922,47.7,1,0.0,573,0.0,0,1,2316,2025-06-18
2025-06-18 13:10:51.107656,47.7,1,0.0,572,0.0,0,1,2316,2025-06-18
2025-06-18 13:11:14.262187,47.7,1,0.0,571,0.0,0,1,2316,2025-06-18
2025-06-18 13:11:17.680650,47.7,2,0.0,569,0.0,0,1,2316,2025-06-18
2025-06-18 13:11:20.055041,47.7,1,0.0,568,0.0,0,1,2316,2025-06-18
2025-06-18 13:11:56.835519,47.7,1,0.0,567,0.0,0,1,2316,2025-06-18
2025-06-18 13:12:06.490509,47.7,1,0.0,566,0.0,0,1,2316,2025-06-18
2025-06-18 13:12:17.872537,47.7,1,0.0,565,0.0,0,1,2316,2025-06-18
2025-06-18 13:13:32.574687,47.7,1,0.0,564,0.0,0,1,2316,2025-06-18
2025-06-18 13:13:36.182002,47.7,5,0.0,559,0.0,0,1,2316,2025-06-18
2025-06-18 13:13:50.038589,47.7,1,0.0,558,0.0,0,1,2316,2025-06-18
2025-06-18 13:13:55.673411,47.7,5,0.0,553,0.0,0,1,2316,2025-06-18
2025-06-18 13:14:14.490822,47.7,2,0.0,551,0.0,0,1,2316,2025-06-18
2025-06-18 13:16:36.907514,47.7,1,0.0,551,0.0,0,1,2316,2025-06-18
2025-06-18 13:17:35.019022,47.7,1,0.0,550,0.0,0,1,2316,2025-06-18
2025-06-18 13:17:50.777172,47.7,1,0.0,549,0.0,0,1,2316,2025-06-18
2025-06-18 13:19:57.603683,47.7,1,0.0,548,0.0,0,1,2316,2025-06-18
2025-06-18 13:20:11.563875,47.7,2,0.0,546,0.0,0,1,2316,2025-06-18
2025-06-18 13:21:57.703810,47.7,2,0.0,544,0.0,0,1,2316,2025-06-18
2025-06-18 13:22:03.642880,47.7,1,0.0,543,0.0,0,1,2316,2025-06-18
2025-06-18 13:22:34.988647,47.7,1,0.0,542,0.0,0,1,2316,2025-06-18
2025-06-18 13:22:46.341702,47.7,1,0.0,541,0.0,0,1,2316,2025-06-18
2025-06-18 13:24:59.324164,47.7,2,0.0,540,0.0,0,1,2316,2025-06-18
2025-06-18 13:30:00.000000,47.7,2,47.7,561,0.0,0,1,2316,2025-06-18
