ts,close,volume,bid_price,bid_volume,ask_price,ask_volume,tick_type,code,date
2025-06-13 09:00:06.912209,674.0,68,673.0,7,674.0,1,2,2357,2025-06-13
2025-06-13 09:00:06.991095,674.0,1,673.0,7,675.0,1,1,2357,2025-06-13
2025-06-13 09:00:07.004770,674.0,1,674.0,2,675.0,1,2,2357,2025-06-13
2025-06-13 09:00:07.034044,675.0,1,674.0,2,676.0,10,1,2357,2025-06-13
2025-06-13 09:00:10.790804,674.0,1,674.0,1,675.0,4,2,2357,2025-06-13
2025-06-13 09:00:14.317871,674.0,1,674.0,1,675.0,6,2,2357,2025-06-13
2025-06-13 09:00:14.321869,675.0,1,674.0,1,675.0,5,1,2357,2025-06-13
2025-06-13 09:00:15.395772,674.0,1,674.0,1,675.0,5,2,2357,2025-06-13
2025-06-13 09:00:23.820703,674.0,1,674.0,2,675.0,5,2,2357,2025-06-13
2025-06-13 09:00:24.561643,675.0,1,674.0,7,675.0,4,1,2357,2025-06-13
2025-06-13 09:00:24.606897,675.0,4,674.0,10,676.0,11,1,2357,2025-06-13
2025-06-13 09:00:30.520645,674.0,1,674.0,11,676.0,13,2,2357,2025-06-13
2025-06-13 09:00:41.602787,675.0,1,675.0,4,676.0,21,2,2357,2025-06-13
2025-06-13 09:00:42.653576,675.0,2,675.0,2,676.0,19,2,2357,2025-06-13
2025-06-13 09:00:44.236238,675.0,1,675.0,1,676.0,19,2,2357,2025-06-13
2025-06-13 09:00:49.320842,675.0,1,674.0,9,676.0,20,2,2357,2025-06-13
2025-06-13 09:00:53.599247,675.0,1,674.0,6,676.0,20,2,2357,2025-06-13
2025-06-13 09:00:53.662648,675.0,2,675.0,2,676.0,20,2,2357,2025-06-13
2025-06-13 09:01:00.599217,675.0,2,674.0,8,676.0,18,1,2357,2025-06-13
2025-06-13 09:01:00.779431,674.0,2,674.0,7,676.0,18,2,2357,2025-06-13
2025-06-13 09:01:01.054785,674.0,1,674.0,7,675.0,1,2,2357,2025-06-13
2025-06-13 09:01:06.712789,674.0,2,674.0,5,675.0,11,2,2357,2025-06-13
2025-06-13 09:01:11.169644,674.0,1,674.0,11,675.0,13,2,2357,2025-06-13
2025-06-13 09:01:31.333586,674.0,1,674.0,13,675.0,15,2,2357,2025-06-13
2025-06-13 09:01:37.203274,674.0,3,674.0,10,675.0,15,2,2357,2025-06-13
2025-06-13 09:01:38.355776,674.0,1,674.0,9,675.0,15,2,2357,2025-06-13
2025-06-13 09:01:38.573421,675.0,15,674.0,13,676.0,10,1,2357,2025-06-13
2025-06-13 09:01:40.550477,676.0,1,675.0,7,676.0,8,1,2357,2025-06-13
2025-06-13 09:01:40.575430,676.0,2,675.0,8,676.0,6,1,2357,2025-06-13
2025-06-13 09:01:40.575493,676.0,1,675.0,8,676.0,5,1,2357,2025-06-13
2025-06-13 09:01:40.598165,676.0,5,675.0,8,677.0,3,1,2357,2025-06-13
2025-06-13 09:01:42.894123,677.0,1,676.0,4,677.0,3,1,2357,2025-06-13
2025-06-13 09:01:59.068877,677.0,1,676.0,5,677.0,3,1,2357,2025-06-13
2025-06-13 09:02:03.054410,677.0,1,676.0,9,677.0,2,1,2357,2025-06-13
2025-06-13 09:02:06.418449,677.0,1,676.0,9,677.0,2,1,2357,2025-06-13
2025-06-13 09:02:06.454157,677.0,1,676.0,9,677.0,1,1,2357,2025-06-13
2025-06-13 09:02:06.519448,677.0,1,676.0,9,678.0,9,1,2357,2025-06-13
2025-06-13 09:02:12.639380,677.0,1,677.0,5,678.0,9,2,2357,2025-06-13
2025-06-13 09:02:13.930730,677.0,1,677.0,4,678.0,9,2,2357,2025-06-13
2025-06-13 09:02:15.114769,678.0,1,677.0,4,678.0,9,1,2357,2025-06-13
2025-06-13 09:02:20.689469,677.0,2,677.0,5,678.0,8,2,2357,2025-06-13
2025-06-13 09:02:28.990848,678.0,1,677.0,8,678.0,8,1,2357,2025-06-13
2025-06-13 09:02:31.125529,677.0,3,677.0,5,678.0,8,2,2357,2025-06-13
2025-06-13 09:02:42.162682,678.0,5,677.0,7,678.0,2,1,2357,2025-06-13
2025-06-13 09:02:44.497516,678.0,1,677.0,18,678.0,1,1,2357,2025-06-13
2025-06-13 09:02:44.520566,678.0,1,677.0,18,679.0,3,1,2357,2025-06-13
2025-06-13 09:02:45.001233,679.0,1,678.0,2,679.0,2,1,2357,2025-06-13
2025-06-13 09:02:53.487991,678.0,1,678.0,4,679.0,5,2,2357,2025-06-13
2025-06-13 09:02:54.536839,679.0,1,678.0,4,679.0,4,1,2357,2025-06-13
2025-06-13 09:03:00.175257,679.0,1,678.0,15,679.0,3,1,2357,2025-06-13
2025-06-13 09:03:00.237914,679.0,1,678.0,15,679.0,2,1,2357,2025-06-13
2025-06-13 09:03:00.899864,679.0,1,678.0,15,679.0,1,1,2357,2025-06-13
2025-06-13 09:03:03.751490,679.0,1,678.0,16,679.0,1,1,2357,2025-06-13
2025-06-13 09:03:04.366690,679.0,1,678.0,18,679.0,1,1,2357,2025-06-13
2025-06-13 09:03:06.874906,679.0,1,678.0,18,680.0,11,1,2357,2025-06-13
2025-06-13 09:03:11.199938,680.0,2,679.0,7,680.0,10,1,2357,2025-06-13
2025-06-13 09:03:15.504299,679.0,2,679.0,7,680.0,11,2,2357,2025-06-13
2025-06-13 09:03:28.115893,679.0,1,679.0,9,680.0,12,2,2357,2025-06-13
2025-06-13 09:03:31.423782,679.0,1,679.0,8,680.0,14,2,2357,2025-06-13
2025-06-13 09:03:33.208416,679.0,2,679.0,6,680.0,14,2,2357,2025-06-13
2025-06-13 09:03:33.235870,679.0,6,678.0,19,680.0,15,2,2357,2025-06-13
2025-06-13 09:03:33.266785,678.0,18,677.0,18,679.0,2,2,2357,2025-06-13
2025-06-13 09:03:33.273966,679.0,1,677.0,18,679.0,1,1,2357,2025-06-13
2025-06-13 09:03:33.277658,679.0,1,679.0,1,680.0,15,1,2357,2025-06-13
2025-06-13 09:03:33.299971,679.0,1,677.0,18,679.0,1,2,2357,2025-06-13
2025-06-13 09:03:35.104404,678.0,2,678.0,7,679.0,2,2,2357,2025-06-13
2025-06-13 09:03:35.189948,679.0,1,678.0,5,679.0,1,1,2357,2025-06-13
2025-06-13 09:03:36.396085,679.0,1,678.0,12,680.0,14,1,2357,2025-06-13
2025-06-13 09:03:44.773491,679.0,1,678.0,11,679.0,5,1,2357,2025-06-13
2025-06-13 09:04:17.937345,678.0,1,678.0,6,679.0,12,2,2357,2025-06-13
2025-06-13 09:04:22.062473,679.0,1,678.0,6,679.0,11,1,2357,2025-06-13
2025-06-13 09:04:50.719536,678.0,7,677.0,21,679.0,17,2,2357,2025-06-13
2025-06-13 09:04:55.027148,677.0,11,677.0,11,678.0,9,2,2357,2025-06-13
2025-06-13 09:04:56.365709,678.0,5,677.0,12,679.0,16,1,2357,2025-06-13
2025-06-13 09:05:01.310224,678.0,1,678.0,7,679.0,13,2,2357,2025-06-13
2025-06-13 09:05:05.922810,678.0,2,678.0,7,679.0,13,2,2357,2025-06-13
2025-06-13 09:05:13.294521,678.0,7,677.0,13,679.0,15,2,2357,2025-06-13
2025-06-13 09:05:27.864900,677.0,1,677.0,12,678.0,16,2,2357,2025-06-13
2025-06-13 09:05:32.329945,677.0,1,677.0,11,678.0,10,2,2357,2025-06-13
2025-06-13 09:05:33.395601,678.0,1,677.0,11,678.0,9,1,2357,2025-06-13
2025-06-13 09:05:52.117011,678.0,10,677.0,12,679.0,16,1,2357,2025-06-13
2025-06-13 09:05:53.266320,679.0,1,678.0,14,679.0,13,1,2357,2025-06-13
2025-06-13 09:05:56.037840,679.0,2,678.0,14,679.0,12,1,2357,2025-06-13
2025-06-13 09:06:15.291603,678.0,1,678.0,16,679.0,13,2,2357,2025-06-13
2025-06-13 09:06:27.144776,679.0,8,678.0,16,679.0,5,1,2357,2025-06-13
2025-06-13 09:06:27.179709,679.0,4,678.0,19,679.0,1,1,2357,2025-06-13
2025-06-13 09:06:27.179727,679.0,1,679.0,1,680.0,22,1,2357,2025-06-13
2025-06-13 09:06:29.539213,680.0,1,679.0,9,680.0,20,1,2357,2025-06-13
2025-06-13 09:06:31.733236,679.0,1,679.0,9,680.0,22,2,2357,2025-06-13
2025-06-13 09:06:32.708455,680.0,1,679.0,8,680.0,21,1,2357,2025-06-13
2025-06-13 09:06:42.171802,679.0,1,679.0,6,680.0,17,2,2357,2025-06-13
2025-06-13 09:06:50.168382,679.0,1,679.0,6,680.0,18,2,2357,2025-06-13
2025-06-13 09:07:00.025931,679.0,1,679.0,6,680.0,18,2,2357,2025-06-13
2025-06-13 09:07:06.022297,679.0,1,679.0,5,680.0,18,2,2357,2025-06-13
2025-06-13 09:07:09.884085,679.0,1,679.0,8,680.0,18,2,2357,2025-06-13
2025-06-13 09:07:13.681404,679.0,1,679.0,7,680.0,17,2,2357,2025-06-13
2025-06-13 09:07:22.194605,679.0,5,679.0,2,680.0,17,2,2357,2025-06-13
2025-06-13 09:07:22.227895,679.0,1,679.0,1,680.0,18,2,2357,2025-06-13
2025-06-13 09:07:24.636444,680.0,1,679.0,3,680.0,16,1,2357,2025-06-13
2025-06-13 09:07:24.975460,679.0,7,678.0,18,680.0,16,2,2357,2025-06-13
2025-06-13 09:07:27.210127,680.0,1,678.0,17,680.0,16,1,2357,2025-06-13
2025-06-13 09:07:30.042553,680.0,2,678.0,17,680.0,16,1,2357,2025-06-13
2025-06-13 09:07:34.081630,679.0,1,678.0,17,680.0,17,1,2357,2025-06-13
2025-06-13 09:07:44.228010,679.0,1,678.0,18,679.0,1,1,2357,2025-06-13
2025-06-13 09:07:46.420732,679.0,1,678.0,18,680.0,18,1,2357,2025-06-13
2025-06-13 09:09:05.043105,679.0,1,678.0,11,679.0,18,1,2357,2025-06-13
2025-06-13 09:09:36.942436,678.0,1,678.0,15,679.0,12,2,2357,2025-06-13
2025-06-13 09:09:59.404872,678.0,2,678.0,13,679.0,14,2,2357,2025-06-13
2025-06-13 09:09:59.570358,679.0,1,678.0,13,679.0,13,1,2357,2025-06-13
2025-06-13 09:10:00.201065,679.0,1,678.0,15,679.0,13,1,2357,2025-06-13
2025-06-13 09:10:02.943316,679.0,4,678.0,24,679.0,8,1,2357,2025-06-13
2025-06-13 09:10:06.124289,679.0,1,678.0,27,679.0,7,1,2357,2025-06-13
2025-06-13 09:10:15.144997,679.0,2,678.0,27,679.0,5,1,2357,2025-06-13
2025-06-13 09:10:16.110416,679.0,1,678.0,27,679.0,4,1,2357,2025-06-13
2025-06-13 09:10:17.657993,679.0,1,678.0,27,679.0,3,1,2357,2025-06-13
2025-06-13 09:10:19.312402,679.0,1,678.0,27,679.0,2,1,2357,2025-06-13
2025-06-13 09:10:25.217506,679.0,2,678.0,27,680.0,24,1,2357,2025-06-13
2025-06-13 09:10:39.200367,680.0,5,679.0,4,680.0,19,1,2357,2025-06-13
2025-06-13 09:10:41.832494,680.0,1,679.0,22,680.0,18,1,2357,2025-06-13
2025-06-13 09:10:41.962878,680.0,1,679.0,22,680.0,17,1,2357,2025-06-13
2025-06-13 09:10:49.347651,680.0,2,679.0,24,680.0,16,1,2357,2025-06-13
2025-06-13 09:10:49.585209,680.0,1,679.0,25,680.0,15,1,2357,2025-06-13
2025-06-13 09:10:49.617574,680.0,3,679.0,26,680.0,12,1,2357,2025-06-13
2025-06-13 09:10:49.648820,680.0,12,679.0,28,681.0,15,1,2357,2025-06-13
2025-06-13 09:10:49.726995,680.0,1,680.0,6,681.0,15,2,2357,2025-06-13
2025-06-13 09:10:50.282815,681.0,2,680.0,13,681.0,15,1,2357,2025-06-13
2025-06-13 09:11:13.244044,681.0,7,680.0,14,681.0,8,1,2357,2025-06-13
2025-06-13 09:11:14.644636,681.0,1,680.0,14,681.0,6,1,2357,2025-06-13
2025-06-13 09:11:22.652119,681.0,5,680.0,15,681.0,2,1,2357,2025-06-13
2025-06-13 09:11:40.205500,681.0,1,680.0,19,681.0,4,1,2357,2025-06-13
2025-06-13 09:11:47.999933,680.0,5,680.0,13,681.0,13,2,2357,2025-06-13
2025-06-13 09:11:48.023696,680.0,13,679.0,12,681.0,13,2,2357,2025-06-13
2025-06-13 09:11:48.046848,680.0,1,679.0,10,680.0,5,1,2357,2025-06-13
2025-06-13 09:11:48.056869,680.0,1,679.0,9,680.0,4,1,2357,2025-06-13
2025-06-13 09:11:48.057757,680.0,1,679.0,8,680.0,3,1,2357,2025-06-13
2025-06-13 09:11:48.062227,680.0,1,679.0,8,680.0,2,1,2357,2025-06-13
2025-06-13 09:11:48.068600,680.0,2,679.0,8,680.0,2,1,2357,2025-06-13
2025-06-13 09:11:48.069624,680.0,2,679.0,8,680.0,1,1,2357,2025-06-13
2025-06-13 09:11:48.079343,680.0,1,679.0,8,681.0,17,1,2357,2025-06-13
2025-06-13 09:11:48.086163,679.0,2,679.0,6,681.0,17,2,2357,2025-06-13
2025-06-13 09:11:48.192257,679.0,1,679.0,7,680.0,1,2,2357,2025-06-13
2025-06-13 09:11:51.952271,679.0,2,679.0,14,680.0,8,2,2357,2025-06-13
2025-06-13 09:12:00.250133,679.0,1,679.0,15,680.0,7,2,2357,2025-06-13
2025-06-13 09:12:13.349931,679.0,1,679.0,14,680.0,11,2,2357,2025-06-13
2025-06-13 09:12:35.068512,679.0,3,679.0,13,680.0,11,2,2357,2025-06-13
2025-06-13 09:12:44.563128,679.0,1,679.0,12,680.0,11,2,2357,2025-06-13
2025-06-13 09:12:56.376236,680.0,1,679.0,12,680.0,9,1,2357,2025-06-13
2025-06-13 09:13:08.194236,679.0,3,679.0,9,680.0,31,2,2357,2025-06-13
2025-06-13 09:13:08.376795,680.0,10,679.0,9,680.0,21,1,2357,2025-06-13
2025-06-13 09:13:10.481785,679.0,2,679.0,14,680.0,28,2,2357,2025-06-13
2025-06-13 09:13:17.722819,679.0,2,679.0,16,680.0,28,2,2357,2025-06-13
2025-06-13 09:13:23.248882,680.0,2,679.0,17,680.0,21,1,2357,2025-06-13
2025-06-13 09:13:48.043225,680.0,2,679.0,19,680.0,29,1,2357,2025-06-13
2025-06-13 09:14:06.150277,679.0,2,679.0,20,680.0,34,2,2357,2025-06-13
2025-06-13 09:14:15.008034,679.0,20,678.0,13,680.0,36,2,2357,2025-06-13
2025-06-13 09:14:15.037854,679.0,1,678.0,13,679.0,2,2,2357,2025-06-13
2025-06-13 09:14:55.948944,678.0,1,678.0,18,679.0,20,2,2357,2025-06-13
2025-06-13 09:14:56.097661,679.0,1,678.0,18,679.0,19,1,2357,2025-06-13
2025-06-13 09:15:00.520299,678.0,1,678.0,17,679.0,19,2,2357,2025-06-13
2025-06-13 09:15:14.481708,678.0,1,678.0,16,679.0,19,2,2357,2025-06-13
2025-06-13 09:15:21.124669,679.0,1,678.0,14,679.0,21,1,2357,2025-06-13
2025-06-13 09:15:23.045526,679.0,1,678.0,14,679.0,20,1,2357,2025-06-13
2025-06-13 09:16:57.073033,679.0,2,678.0,22,679.0,19,1,2357,2025-06-13
2025-06-13 09:16:57.433865,678.0,1,678.0,21,679.0,18,2,2357,2025-06-13
2025-06-13 09:17:07.144042,678.0,16,678.0,21,679.0,21,2,2357,2025-06-13
2025-06-13 09:17:07.175752,678.0,2,678.0,3,679.0,21,2,2357,2025-06-13
2025-06-13 09:17:07.176994,678.0,3,677.0,18,679.0,23,2,2357,2025-06-13
2025-06-13 09:17:07.205761,678.0,3,677.0,18,678.0,2,1,2357,2025-06-13
2025-06-13 09:17:07.215327,678.0,2,677.0,18,678.0,1,1,2357,2025-06-13
2025-06-13 09:17:07.251663,677.0,2,677.0,16,678.0,1,2,2357,2025-06-13
2025-06-13 09:17:07.260490,678.0,1,678.0,1,679.0,19,1,2357,2025-06-13
2025-06-13 09:17:08.447519,678.0,8,677.0,17,679.0,20,2,2357,2025-06-13
2025-06-13 09:17:33.540653,677.0,1,677.0,18,678.0,3,2,2357,2025-06-13
2025-06-13 09:17:35.618603,677.0,18,676.0,14,678.0,28,2,2357,2025-06-13
2025-06-13 09:17:35.675784,677.0,3,677.0,3,678.0,31,2,2357,2025-06-13
2025-06-13 09:17:36.482268,676.0,1,676.0,13,678.0,34,2,2357,2025-06-13
2025-06-13 09:17:41.054132,676.0,14,675.0,18,678.0,35,2,2357,2025-06-13
2025-06-13 09:17:41.116381,676.0,2,675.0,17,677.0,9,2,2357,2025-06-13
2025-06-13 09:17:43.933001,675.0,1,675.0,25,677.0,10,2,2357,2025-06-13
2025-06-13 09:18:08.077008,675.0,1,675.0,19,676.0,3,2,2357,2025-06-13
2025-06-13 09:18:29.292617,675.0,1,675.0,18,676.0,6,2,2357,2025-06-13
2025-06-13 09:18:56.672530,676.0,3,675.0,26,676.0,5,1,2357,2025-06-13
2025-06-13 09:19:00.630345,676.0,2,675.0,32,676.0,4,1,2357,2025-06-13
2025-06-13 09:19:00.657409,676.0,4,675.0,32,677.0,6,1,2357,2025-06-13
2025-06-13 09:19:41.494182,676.0,2,676.0,24,677.0,6,2,2357,2025-06-13
2025-06-13 09:19:56.933007,676.0,1,676.0,22,677.0,6,2,2357,2025-06-13
2025-06-13 09:20:05.908705,676.0,1,676.0,23,677.0,6,2,2357,2025-06-13
2025-06-13 09:20:08.004066,676.0,1,676.0,24,677.0,6,2,2357,2025-06-13
2025-06-13 09:20:14.974971,676.0,1,676.0,23,677.0,8,2,2357,2025-06-13
2025-06-13 09:20:25.906708,676.0,1,676.0,27,677.0,8,2,2357,2025-06-13
2025-06-13 09:20:49.090505,677.0,1,676.0,27,677.0,7,1,2357,2025-06-13
2025-06-13 09:21:01.094272,677.0,1,676.0,27,677.0,6,1,2357,2025-06-13
2025-06-13 09:21:02.912818,677.0,1,676.0,28,677.0,6,1,2357,2025-06-13
2025-06-13 09:21:22.787973,677.0,2,676.0,28,677.0,4,1,2357,2025-06-13
2025-06-13 09:21:22.812342,677.0,4,676.0,28,678.0,28,1,2357,2025-06-13
2025-06-13 09:21:24.532781,678.0,12,677.0,8,678.0,19,1,2357,2025-06-13
2025-06-13 09:21:41.050899,678.0,1,677.0,11,678.0,20,1,2357,2025-06-13
2025-06-13 09:21:45.302172,678.0,1,677.0,14,678.0,19,1,2357,2025-06-13
2025-06-13 09:21:46.440418,678.0,1,677.0,14,678.0,18,1,2357,2025-06-13
2025-06-13 09:22:35.926125,677.0,1,677.0,28,678.0,18,2,2357,2025-06-13
2025-06-13 09:23:02.734942,677.0,1,677.0,27,678.0,19,2,2357,2025-06-13
2025-06-13 09:23:07.962109,677.0,23,677.0,3,678.0,21,2,2357,2025-06-13
2025-06-13 09:23:07.990518,677.0,3,676.0,16,678.0,24,2,2357,2025-06-13
2025-06-13 09:23:08.119077,677.0,1,677.0,2,678.0,23,2,2357,2025-06-13
2025-06-13 09:23:09.198530,678.0,2,677.0,3,678.0,20,1,2357,2025-06-13
2025-06-13 09:23:10.211750,677.0,1,677.0,2,678.0,20,2,2357,2025-06-13
2025-06-13 09:23:27.509337,677.0,1,677.0,3,678.0,20,2,2357,2025-06-13
2025-06-13 09:24:02.152922,677.0,3,677.0,19,678.0,20,2,2357,2025-06-13
2025-06-13 09:24:05.709466,678.0,8,677.0,23,678.0,11,1,2357,2025-06-13
2025-06-13 09:24:05.750696,678.0,11,677.0,24,679.0,29,1,2357,2025-06-13
2025-06-13 09:24:06.031256,679.0,7,678.0,18,679.0,21,1,2357,2025-06-13
2025-06-13 09:24:06.115435,678.0,21,678.0,2,679.0,20,2,2357,2025-06-13
2025-06-13 09:24:06.808985,679.0,1,678.0,3,679.0,20,1,2357,2025-06-13
2025-06-13 09:24:08.752290,679.0,6,678.0,3,679.0,17,1,2357,2025-06-13
2025-06-13 09:24:43.055630,679.0,1,678.0,4,679.0,18,1,2357,2025-06-13
2025-06-13 09:24:50.065993,679.0,2,678.0,4,679.0,17,1,2357,2025-06-13
2025-06-13 09:25:33.954412,678.0,1,678.0,6,679.0,13,2,2357,2025-06-13
2025-06-13 09:25:42.668811,679.0,14,678.0,19,680.0,58,1,2357,2025-06-13
2025-06-13 09:25:42.844778,680.0,6,679.0,7,680.0,50,1,2357,2025-06-13
2025-06-13 09:25:48.431639,680.0,1,679.0,15,680.0,48,1,2357,2025-06-13
2025-06-13 09:25:48.955703,680.0,1,679.0,15,680.0,47,1,2357,2025-06-13
2025-06-13 09:25:49.531576,680.0,1,679.0,15,680.0,46,1,2357,2025-06-13
2025-06-13 09:26:04.099466,679.0,1,679.0,14,680.0,46,2,2357,2025-06-13
2025-06-13 09:26:04.116570,679.0,1,679.0,13,680.0,46,2,2357,2025-06-13
2025-06-13 09:26:04.195641,679.0,1,679.0,12,680.0,46,2,2357,2025-06-13
2025-06-13 09:26:05.723244,680.0,1,679.0,10,680.0,46,1,2357,2025-06-13
2025-06-13 09:26:24.050734,680.0,2,679.0,13,680.0,42,1,2357,2025-06-13
2025-06-13 09:26:24.209771,680.0,1,679.0,13,680.0,41,1,2357,2025-06-13
2025-06-13 09:26:48.595911,679.0,1,679.0,10,680.0,44,2,2357,2025-06-13
2025-06-13 09:27:04.360299,679.0,1,679.0,17,680.0,44,2,2357,2025-06-13
2025-06-13 09:27:10.318276,680.0,1,679.0,18,680.0,43,1,2357,2025-06-13
2025-06-13 09:27:16.475139,679.0,1,679.0,19,680.0,44,2,2357,2025-06-13
2025-06-13 09:27:17.673013,679.0,1,679.0,18,680.0,44,2,2357,2025-06-13
2025-06-13 09:27:17.804883,680.0,1,679.0,18,680.0,43,1,2357,2025-06-13
2025-06-13 09:27:25.715848,680.0,1,679.0,18,680.0,41,1,2357,2025-06-13
2025-06-13 09:27:35.773313,679.0,1,679.0,17,680.0,42,2,2357,2025-06-13
2025-06-13 09:27:49.291945,679.0,27,678.0,5,680.0,42,2,2357,2025-06-13
2025-06-13 09:27:49.291945,678.0,10,678.0,5,680.0,42,2,2357,2025-06-13
2025-06-13 09:27:49.326255,679.0,2,678.0,3,680.0,44,2,2357,2025-06-13
2025-06-13 09:27:50.536578,680.0,7,679.0,3,680.0,37,1,2357,2025-06-13
2025-06-13 09:27:59.037978,680.0,1,679.0,10,680.0,40,1,2357,2025-06-13
2025-06-13 09:27:59.194634,680.0,1,679.0,10,680.0,39,1,2357,2025-06-13
2025-06-13 09:28:16.168147,680.0,6,679.0,10,680.0,33,1,2357,2025-06-13
2025-06-13 09:28:17.919662,680.0,2,679.0,12,680.0,28,1,2357,2025-06-13
2025-06-13 09:28:21.513803,680.0,1,679.0,18,680.0,27,1,2357,2025-06-13
2025-06-13 09:28:21.536551,680.0,3,679.0,18,680.0,24,1,2357,2025-06-13
2025-06-13 09:28:21.536688,680.0,2,679.0,18,680.0,22,1,2357,2025-06-13
2025-06-13 09:28:21.536907,680.0,18,679.0,18,680.0,4,1,2357,2025-06-13
2025-06-13 09:28:21.559222,680.0,4,679.0,24,681.0,30,1,2357,2025-06-13
2025-06-13 09:28:22.005026,681.0,7,680.0,9,681.0,22,1,2357,2025-06-13
2025-06-13 09:28:25.089982,680.0,10,679.0,26,681.0,22,2,2357,2025-06-13
2025-06-13 09:28:29.870986,679.0,1,679.0,13,680.0,2,2,2357,2025-06-13
2025-06-13 09:28:29.887811,679.0,1,679.0,12,680.0,2,2,2357,2025-06-13
2025-06-13 09:28:29.909121,679.0,1,679.0,11,680.0,2,2,2357,2025-06-13
2025-06-13 09:28:29.951974,679.0,1,679.0,8,680.0,2,2,2357,2025-06-13
2025-06-13 09:28:30.005614,679.0,1,679.0,7,680.0,2,2,2357,2025-06-13
2025-06-13 09:28:30.072598,679.0,7,678.0,8,680.0,6,2,2357,2025-06-13
2025-06-13 09:29:13.372884,679.0,1,679.0,2,680.0,9,2,2357,2025-06-13
2025-06-13 09:29:13.435262,679.0,1,679.0,2,680.0,10,2,2357,2025-06-13
2025-06-13 09:29:22.556379,679.0,1,678.0,14,680.0,7,2,2357,2025-06-13
2025-06-13 09:30:03.806721,679.0,1,679.0,8,680.0,30,2,2357,2025-06-13
2025-06-13 09:30:03.821689,679.0,1,679.0,7,680.0,30,2,2357,2025-06-13
2025-06-13 09:30:03.841775,679.0,3,679.0,4,680.0,30,2,2357,2025-06-13
2025-06-13 09:30:03.874624,679.0,1,679.0,3,680.0,30,2,2357,2025-06-13
2025-06-13 09:30:03.907367,679.0,3,678.0,14,680.0,30,2,2357,2025-06-13
2025-06-13 09:30:03.916411,678.0,1,678.0,13,680.0,30,2,2357,2025-06-13
2025-06-13 09:30:03.929847,678.0,1,678.0,14,680.0,30,2,2357,2025-06-13
2025-06-13 09:30:03.987325,678.0,1,678.0,6,680.0,30,2,2357,2025-06-13
2025-06-13 09:30:03.995042,678.0,1,678.0,5,680.0,30,2,2357,2025-06-13
2025-06-13 09:30:20.387721,678.0,1,678.0,6,679.0,7,2,2357,2025-06-13
2025-06-13 09:30:24.233646,678.0,1,678.0,6,679.0,7,2,2357,2025-06-13
2025-06-13 09:30:27.755782,678.0,1,678.0,5,679.0,7,2,2357,2025-06-13
2025-06-13 09:30:32.205109,678.0,2,678.0,5,679.0,7,2,2357,2025-06-13
2025-06-13 09:30:32.728650,678.0,1,678.0,4,679.0,7,2,2357,2025-06-13
2025-06-13 09:30:35.384772,678.0,1,678.0,3,679.0,7,2,2357,2025-06-13
2025-06-13 09:30:35.518241,678.0,1,678.0,2,679.0,7,2,2357,2025-06-13
2025-06-13 09:30:35.539899,678.0,2,677.0,18,679.0,8,2,2357,2025-06-13
2025-06-13 09:30:52.931281,677.0,1,677.0,14,678.0,7,2,2357,2025-06-13
2025-06-13 09:31:04.574582,677.0,1,677.0,14,678.0,9,2,2357,2025-06-13
2025-06-13 09:31:17.906159,678.0,9,678.0,1,679.0,5,1,2357,2025-06-13
2025-06-13 09:31:31.493285,678.0,1,678.0,3,679.0,2,2,2357,2025-06-13
2025-06-13 09:33:15.703045,679.0,1,678.0,12,679.0,3,1,2357,2025-06-13
2025-06-13 09:34:16.514281,679.0,1,678.0,21,679.0,6,1,2357,2025-06-13
2025-06-13 09:34:16.587267,679.0,2,678.0,21,679.0,4,1,2357,2025-06-13
2025-06-13 09:34:17.045862,679.0,2,678.0,24,679.0,2,1,2357,2025-06-13
2025-06-13 09:34:19.822272,679.0,2,678.0,26,680.0,33,1,2357,2025-06-13
2025-06-13 09:35:11.224201,679.0,2,679.0,23,680.0,36,2,2357,2025-06-13
2025-06-13 09:35:32.599401,679.0,23,679.0,3,680.0,35,2,2357,2025-06-13
2025-06-13 09:35:32.624614,679.0,2,679.0,1,680.0,35,2,2357,2025-06-13
2025-06-13 09:35:51.068045,679.0,2,678.0,14,679.0,3,1,2357,2025-06-13
2025-06-13 09:35:57.911424,679.0,3,678.0,17,680.0,37,1,2357,2025-06-13
2025-06-13 09:36:02.921718,679.0,1,679.0,3,680.0,36,2,2357,2025-06-13
2025-06-13 09:36:11.865065,678.0,1,678.0,19,680.0,37,2,2357,2025-06-13
2025-06-13 09:36:19.519420,679.0,1,678.0,19,680.0,38,1,2357,2025-06-13
2025-06-13 09:36:23.751731,679.0,2,678.0,19,680.0,37,2,2357,2025-06-13
2025-06-13 09:37:17.613355,679.0,1,679.0,7,680.0,41,2,2357,2025-06-13
2025-06-13 09:37:24.454322,679.0,8,678.0,27,679.0,11,2,2357,2025-06-13
2025-06-13 09:37:24.486553,679.0,5,678.0,25,679.0,6,1,2357,2025-06-13
2025-06-13 09:37:24.487039,679.0,5,678.0,25,679.0,1,1,2357,2025-06-13
2025-06-13 09:37:26.051915,679.0,2,678.0,23,679.0,2,1,2357,2025-06-13
2025-06-13 09:37:30.429815,679.0,2,678.0,23,680.0,18,1,2357,2025-06-13
2025-06-13 09:37:31.376870,679.0,1,678.0,28,680.0,19,1,2357,2025-06-13
2025-06-13 09:37:54.631341,679.0,1,678.0,31,680.0,20,1,2357,2025-06-13
2025-06-13 09:37:58.424276,679.0,4,678.0,31,679.0,4,2,2357,2025-06-13
2025-06-13 09:37:58.450771,679.0,4,678.0,30,680.0,21,1,2357,2025-06-13
2025-06-13 09:38:00.603011,679.0,1,678.0,25,679.0,4,1,2357,2025-06-13
2025-06-13 09:38:07.685116,679.0,4,678.0,30,680.0,20,1,2357,2025-06-13
2025-06-13 09:38:54.477237,680.0,10,679.0,4,680.0,11,1,2357,2025-06-13
2025-06-13 09:39:00.042527,680.0,1,679.0,16,680.0,10,1,2357,2025-06-13
2025-06-13 09:40:35.042357,680.0,2,679.0,23,680.0,13,1,2357,2025-06-13
2025-06-13 09:40:53.247356,679.0,1,679.0,22,680.0,15,2,2357,2025-06-13
2025-06-13 09:41:30.867608,679.0,1,679.0,25,680.0,15,2,2357,2025-06-13
2025-06-13 09:41:36.607842,679.0,1,679.0,24,680.0,15,2,2357,2025-06-13
2025-06-13 09:41:42.855356,680.0,2,679.0,29,680.0,14,1,2357,2025-06-13
2025-06-13 09:42:09.038983,680.0,2,679.0,35,680.0,17,1,2357,2025-06-13
2025-06-13 09:42:23.022559,680.0,1,679.0,36,680.0,18,1,2357,2025-06-13
2025-06-13 09:42:36.976928,680.0,1,679.0,41,680.0,16,1,2357,2025-06-13
2025-06-13 09:42:42.484043,680.0,2,679.0,40,680.0,15,1,2357,2025-06-13
2025-06-13 09:42:58.073671,680.0,1,679.0,40,680.0,14,1,2357,2025-06-13
2025-06-13 09:43:00.378821,680.0,1,679.0,40,680.0,13,1,2357,2025-06-13
2025-06-13 09:43:00.414420,680.0,13,679.0,40,681.0,12,1,2357,2025-06-13
2025-06-13 09:43:03.013564,680.0,21,680.0,3,681.0,11,2,2357,2025-06-13
2025-06-13 09:43:13.495929,681.0,2,680.0,6,681.0,11,1,2357,2025-06-13
2025-06-13 09:43:15.525260,681.0,1,680.0,6,681.0,10,1,2357,2025-06-13
2025-06-13 09:43:16.323427,681.0,1,680.0,6,681.0,10,1,2357,2025-06-13
2025-06-13 09:43:44.067774,681.0,2,680.0,14,681.0,9,1,2357,2025-06-13
2025-06-13 09:44:41.382558,681.0,1,680.0,18,681.0,10,1,2357,2025-06-13
2025-06-13 09:45:07.975175,681.0,1,680.0,18,681.0,9,1,2357,2025-06-13
2025-06-13 09:45:18.037646,681.0,1,680.0,19,681.0,8,1,2357,2025-06-13
2025-06-13 09:45:24.211041,681.0,1,680.0,19,681.0,7,1,2357,2025-06-13
2025-06-13 09:45:24.351672,681.0,1,680.0,19,681.0,6,1,2357,2025-06-13
2025-06-13 09:45:37.009791,680.0,1,680.0,17,681.0,18,2,2357,2025-06-13
2025-06-13 09:45:51.401687,680.0,1,680.0,16,681.0,19,2,2357,2025-06-13
2025-06-13 09:45:57.483157,680.0,16,679.0,33,680.0,25,2,2357,2025-06-13
2025-06-13 09:45:57.591877,679.0,1,679.0,31,680.0,25,2,2357,2025-06-13
2025-06-13 09:47:13.000618,680.0,2,679.0,32,680.0,39,1,2357,2025-06-13
2025-06-13 09:47:54.672700,680.0,4,679.0,38,680.0,39,1,2357,2025-06-13
2025-06-13 09:48:15.976263,680.0,1,679.0,39,680.0,34,1,2357,2025-06-13
2025-06-13 09:48:16.306535,680.0,1,679.0,40,680.0,33,1,2357,2025-06-13
2025-06-13 09:48:27.036728,680.0,2,679.0,41,680.0,31,1,2357,2025-06-13
2025-06-13 09:48:49.096721,680.0,1,679.0,38,680.0,31,1,2357,2025-06-13
2025-06-13 09:49:14.425496,680.0,2,679.0,40,680.0,30,1,2357,2025-06-13
2025-06-13 09:49:20.625477,680.0,4,679.0,36,680.0,26,1,2357,2025-06-13
2025-06-13 09:50:02.076523,680.0,2,679.0,38,680.0,24,1,2357,2025-06-13
2025-06-13 09:50:02.157039,680.0,3,679.0,38,680.0,21,1,2357,2025-06-13
2025-06-13 09:50:06.882613,680.0,1,679.0,40,680.0,21,1,2357,2025-06-13
2025-06-13 09:50:12.629644,680.0,2,679.0,39,680.0,20,1,2357,2025-06-13
2025-06-13 09:51:22.979799,680.0,1,679.0,38,680.0,22,1,2357,2025-06-13
2025-06-13 09:51:30.073904,679.0,1,679.0,38,680.0,21,2,2357,2025-06-13
2025-06-13 09:52:24.540723,680.0,1,679.0,38,680.0,22,1,2357,2025-06-13
2025-06-13 09:52:25.761503,680.0,1,679.0,37,680.0,21,1,2357,2025-06-13
2025-06-13 09:52:37.548413,680.0,1,679.0,36,680.0,21,1,2357,2025-06-13
2025-06-13 09:52:48.025334,680.0,2,679.0,37,680.0,19,1,2357,2025-06-13
2025-06-13 09:52:57.696118,680.0,2,679.0,37,680.0,17,1,2357,2025-06-13
2025-06-13 09:53:11.036541,680.0,2,679.0,37,680.0,15,1,2357,2025-06-13
2025-06-13 09:53:20.043410,680.0,1,679.0,42,680.0,14,1,2357,2025-06-13
2025-06-13 09:53:26.111786,680.0,14,679.0,42,681.0,16,1,2357,2025-06-13
2025-06-13 09:53:43.664796,681.0,1,680.0,31,681.0,15,1,2357,2025-06-13
2025-06-13 09:53:52.700428,681.0,1,680.0,31,681.0,14,1,2357,2025-06-13
2025-06-13 09:54:06.056485,681.0,1,680.0,32,681.0,13,1,2357,2025-06-13
2025-06-13 09:54:09.463480,681.0,1,680.0,32,681.0,13,1,2357,2025-06-13
2025-06-13 09:54:17.067759,680.0,1,680.0,31,681.0,13,2,2357,2025-06-13
2025-06-13 09:54:30.982267,681.0,1,680.0,37,681.0,12,1,2357,2025-06-13
2025-06-13 09:54:31.854480,681.0,1,680.0,37,681.0,12,1,2357,2025-06-13
2025-06-13 09:54:39.685427,681.0,1,680.0,37,681.0,12,1,2357,2025-06-13
2025-06-13 09:54:45.047964,681.0,2,680.0,38,681.0,9,1,2357,2025-06-13
2025-06-13 09:54:45.214684,681.0,3,680.0,42,681.0,6,1,2357,2025-06-13
2025-06-13 09:54:46.124621,681.0,2,680.0,44,681.0,4,1,2357,2025-06-13
2025-06-13 09:54:46.192980,681.0,1,680.0,44,681.0,3,1,2357,2025-06-13
2025-06-13 09:54:55.115670,681.0,1,680.0,45,681.0,2,1,2357,2025-06-13
2025-06-13 09:55:04.591338,681.0,1,680.0,45,681.0,1,1,2357,2025-06-13
2025-06-13 09:55:10.030575,681.0,1,680.0,49,682.0,61,1,2357,2025-06-13
2025-06-13 09:55:17.547831,682.0,1,680.0,54,682.0,60,1,2357,2025-06-13
2025-06-13 09:55:23.426272,682.0,1,680.0,53,682.0,59,1,2357,2025-06-13
2025-06-13 09:55:39.215513,682.0,1,681.0,40,682.0,58,1,2357,2025-06-13
2025-06-13 09:55:45.546620,682.0,1,681.0,40,682.0,57,1,2357,2025-06-13
2025-06-13 09:56:12.752534,682.0,1,681.0,40,682.0,60,1,2357,2025-06-13
2025-06-13 09:56:20.035601,682.0,1,681.0,40,682.0,59,1,2357,2025-06-13
2025-06-13 09:56:41.052529,682.0,2,681.0,42,682.0,61,1,2357,2025-06-13
2025-06-13 09:56:48.019257,682.0,1,681.0,42,682.0,60,1,2357,2025-06-13
2025-06-13 09:56:52.614613,682.0,1,681.0,42,682.0,59,1,2357,2025-06-13
2025-06-13 09:57:26.600093,682.0,1,681.0,45,682.0,58,1,2357,2025-06-13
2025-06-13 09:57:54.062453,682.0,2,681.0,43,682.0,56,1,2357,2025-06-13
2025-06-13 09:57:58.263048,682.0,1,681.0,47,682.0,55,1,2357,2025-06-13
2025-06-13 09:57:58.827304,682.0,2,681.0,47,682.0,53,1,2357,2025-06-13
2025-06-13 09:58:00.048736,682.0,1,681.0,47,682.0,52,1,2357,2025-06-13
2025-06-13 09:58:01.951680,681.0,1,681.0,46,682.0,52,2,2357,2025-06-13
2025-06-13 09:58:04.961506,682.0,1,681.0,46,682.0,51,1,2357,2025-06-13
2025-06-13 09:58:22.892453,682.0,1,681.0,46,682.0,50,1,2357,2025-06-13
2025-06-13 09:58:59.760029,682.0,2,681.0,52,682.0,49,1,2357,2025-06-13
2025-06-13 09:59:17.348788,682.0,1,681.0,52,682.0,49,1,2357,2025-06-13
2025-06-13 09:59:23.220862,682.0,1,681.0,52,682.0,48,1,2357,2025-06-13
2025-06-13 09:59:29.088960,682.0,2,681.0,48,682.0,48,1,2357,2025-06-13
2025-06-13 09:59:31.572959,681.0,1,681.0,47,682.0,48,2,2357,2025-06-13
2025-06-13 09:59:35.769411,682.0,1,681.0,47,682.0,47,1,2357,2025-06-13
2025-06-13 10:00:10.497506,682.0,1,681.0,47,682.0,47,1,2357,2025-06-13
2025-06-13 10:00:19.850784,682.0,1,681.0,47,682.0,46,1,2357,2025-06-13
2025-06-13 10:00:34.228472,682.0,1,681.0,49,682.0,47,1,2357,2025-06-13
2025-06-13 10:00:36.374261,682.0,2,681.0,49,682.0,45,1,2357,2025-06-13
2025-06-13 10:00:45.976168,682.0,1,681.0,53,682.0,42,1,2357,2025-06-13
2025-06-13 10:00:46.119747,681.0,1,681.0,52,682.0,41,2,2357,2025-06-13
2025-06-13 10:00:59.341625,682.0,2,681.0,54,682.0,40,1,2357,2025-06-13
2025-06-13 10:01:03.038008,682.0,2,681.0,54,682.0,38,1,2357,2025-06-13
2025-06-13 10:01:04.707793,682.0,1,681.0,54,682.0,37,1,2357,2025-06-13
2025-06-13 10:01:05.537700,682.0,1,681.0,54,682.0,36,1,2357,2025-06-13
2025-06-13 10:01:08.935469,682.0,1,681.0,54,682.0,35,1,2357,2025-06-13
2025-06-13 10:01:21.462619,681.0,1,681.0,53,682.0,35,2,2357,2025-06-13
2025-06-13 10:01:24.739806,682.0,1,681.0,53,682.0,34,1,2357,2025-06-13
2025-06-13 10:02:14.330968,682.0,1,681.0,53,682.0,37,1,2357,2025-06-13
2025-06-13 10:02:38.034240,682.0,1,681.0,54,682.0,37,1,2357,2025-06-13
2025-06-13 10:02:43.914644,682.0,1,681.0,54,682.0,36,1,2357,2025-06-13
2025-06-13 10:02:44.708794,682.0,1,681.0,54,682.0,35,1,2357,2025-06-13
2025-06-13 10:03:12.240953,682.0,1,681.0,54,682.0,34,1,2357,2025-06-13
2025-06-13 10:03:29.520104,682.0,3,681.0,54,682.0,31,1,2357,2025-06-13
2025-06-13 10:03:41.046466,682.0,1,681.0,54,682.0,31,1,2357,2025-06-13
2025-06-13 10:03:53.977291,682.0,1,681.0,54,682.0,30,1,2357,2025-06-13
2025-06-13 10:04:04.912582,682.0,1,681.0,54,682.0,29,1,2357,2025-06-13
2025-06-13 10:04:07.589818,681.0,3,681.0,55,682.0,29,2,2357,2025-06-13
2025-06-13 10:04:08.006587,682.0,3,681.0,57,682.0,26,1,2357,2025-06-13
2025-06-13 10:04:08.030697,682.0,2,681.0,59,682.0,26,1,2357,2025-06-13
2025-06-13 10:04:09.676339,682.0,8,681.0,59,682.0,22,1,2357,2025-06-13
2025-06-13 10:04:09.712523,682.0,2,681.0,63,682.0,12,1,2357,2025-06-13
2025-06-13 10:04:09.715975,682.0,9,681.0,63,682.0,3,1,2357,2025-06-13
2025-06-13 10:04:09.747442,682.0,1,681.0,62,682.0,2,1,2357,2025-06-13
2025-06-13 10:04:09.750549,682.0,2,682.0,1,683.0,44,1,2357,2025-06-13
2025-06-13 10:04:13.210306,682.0,3,682.0,48,683.0,42,2,2357,2025-06-13
2025-06-13 10:04:31.829381,683.0,1,682.0,53,683.0,42,1,2357,2025-06-13
2025-06-13 10:04:31.988653,683.0,1,682.0,53,683.0,41,1,2357,2025-06-13
2025-06-13 10:04:36.799298,683.0,2,682.0,51,683.0,34,1,2357,2025-06-13
2025-06-13 10:04:39.443429,683.0,1,682.0,51,683.0,34,1,2357,2025-06-13
2025-06-13 10:04:44.244435,683.0,2,682.0,51,683.0,32,1,2357,2025-06-13
2025-06-13 10:04:55.630279,683.0,2,682.0,51,683.0,32,1,2357,2025-06-13
2025-06-13 10:05:03.989556,683.0,1,682.0,51,683.0,32,1,2357,2025-06-13
2025-06-13 10:05:06.270496,683.0,1,682.0,51,683.0,31,1,2357,2025-06-13
2025-06-13 10:05:09.432628,683.0,1,682.0,51,683.0,29,1,2357,2025-06-13
2025-06-13 10:05:45.028047,683.0,2,682.0,55,683.0,29,1,2357,2025-06-13
2025-06-13 10:05:47.040480,683.0,2,682.0,55,683.0,27,1,2357,2025-06-13
2025-06-13 10:05:49.018555,683.0,1,682.0,55,683.0,26,1,2357,2025-06-13
2025-06-13 10:06:16.771878,683.0,1,682.0,58,683.0,25,1,2357,2025-06-13
2025-06-13 10:06:47.820094,683.0,1,682.0,61,683.0,28,1,2357,2025-06-13
2025-06-13 10:06:57.191981,683.0,1,682.0,61,683.0,27,1,2357,2025-06-13
2025-06-13 10:07:00.977499,683.0,1,682.0,66,683.0,26,1,2357,2025-06-13
2025-06-13 10:07:17.481192,682.0,2,682.0,64,683.0,25,2,2357,2025-06-13
2025-06-13 10:07:17.566894,683.0,1,682.0,64,683.0,24,1,2357,2025-06-13
2025-06-13 10:07:21.057083,683.0,2,682.0,63,683.0,22,1,2357,2025-06-13
2025-06-13 10:07:21.472278,683.0,1,682.0,63,683.0,21,1,2357,2025-06-13
2025-06-13 10:07:28.113675,683.0,1,682.0,63,683.0,21,1,2357,2025-06-13
2025-06-13 10:07:37.690925,683.0,1,682.0,63,683.0,20,1,2357,2025-06-13
2025-06-13 10:07:38.336946,683.0,3,682.0,63,683.0,17,1,2357,2025-06-13
2025-06-13 10:07:38.406643,683.0,3,682.0,64,683.0,14,1,2357,2025-06-13
2025-06-13 10:07:38.477100,683.0,1,682.0,68,683.0,13,1,2357,2025-06-13
2025-06-13 10:07:45.281219,683.0,1,682.0,69,683.0,12,1,2357,2025-06-13
2025-06-13 10:08:01.670713,683.0,1,682.0,70,683.0,14,1,2357,2025-06-13
2025-06-13 10:08:05.608685,683.0,1,682.0,66,683.0,14,1,2357,2025-06-13
2025-06-13 10:08:20.427303,683.0,2,682.0,62,683.0,12,1,2357,2025-06-13
2025-06-13 10:08:28.637958,683.0,4,682.0,62,683.0,7,1,2357,2025-06-13
2025-06-13 10:08:37.397915,683.0,1,682.0,66,683.0,6,1,2357,2025-06-13
2025-06-13 10:08:45.286453,683.0,1,682.0,62,683.0,7,1,2357,2025-06-13
2025-06-13 10:08:51.023907,683.0,1,682.0,64,683.0,6,1,2357,2025-06-13
2025-06-13 10:08:56.037207,683.0,1,682.0,64,683.0,5,1,2357,2025-06-13
2025-06-13 10:09:09.825442,683.0,2,682.0,64,683.0,4,1,2357,2025-06-13
2025-06-13 10:09:19.763465,683.0,1,682.0,64,683.0,5,1,2357,2025-06-13
2025-06-13 10:09:28.723438,683.0,1,682.0,64,683.0,4,1,2357,2025-06-13
2025-06-13 10:09:35.813525,683.0,2,682.0,70,683.0,2,1,2357,2025-06-13
2025-06-13 10:09:41.604203,683.0,1,682.0,70,683.0,1,1,2357,2025-06-13
2025-06-13 10:09:45.416567,682.0,1,682.0,69,683.0,1,2,2357,2025-06-13
2025-06-13 10:09:45.985945,683.0,1,682.0,65,684.0,31,1,2357,2025-06-13
2025-06-13 10:10:04.418162,683.0,2,683.0,36,684.0,32,2,2357,2025-06-13
2025-06-13 10:10:08.981012,684.0,1,683.0,36,684.0,35,1,2357,2025-06-13
2025-06-13 10:10:28.703167,684.0,1,683.0,40,684.0,39,1,2357,2025-06-13
2025-06-13 10:10:30.047316,684.0,2,683.0,40,684.0,37,1,2357,2025-06-13
2025-06-13 10:10:51.733072,684.0,1,683.0,43,684.0,35,1,2357,2025-06-13
2025-06-13 10:10:55.826718,684.0,1,683.0,43,684.0,34,1,2357,2025-06-13
2025-06-13 10:11:00.842481,684.0,1,683.0,43,684.0,34,1,2357,2025-06-13
2025-06-13 10:11:35.525055,684.0,1,683.0,44,684.0,28,1,2357,2025-06-13
2025-06-13 10:11:42.670037,684.0,1,683.0,44,684.0,27,1,2357,2025-06-13
2025-06-13 10:12:00.048185,684.0,1,683.0,46,684.0,32,1,2357,2025-06-13
2025-06-13 10:12:05.048372,684.0,2,683.0,46,684.0,29,1,2357,2025-06-13
2025-06-13 10:12:05.119296,684.0,1,683.0,46,684.0,28,1,2357,2025-06-13
2025-06-13 10:12:06.271022,684.0,1,683.0,46,684.0,27,1,2357,2025-06-13
2025-06-13 10:12:32.622513,684.0,1,683.0,47,684.0,23,1,2357,2025-06-13
2025-06-13 10:12:42.718976,684.0,1,683.0,47,684.0,21,1,2357,2025-06-13
2025-06-13 10:12:59.847292,684.0,1,683.0,48,684.0,23,1,2357,2025-06-13
2025-06-13 10:13:06.830675,684.0,1,683.0,48,684.0,22,1,2357,2025-06-13
2025-06-13 10:13:07.459003,684.0,1,683.0,48,684.0,21,1,2357,2025-06-13
2025-06-13 10:13:16.979848,684.0,1,683.0,49,684.0,21,1,2357,2025-06-13
2025-06-13 10:13:29.082985,684.0,1,683.0,49,684.0,20,1,2357,2025-06-13
2025-06-13 10:13:31.227747,684.0,2,683.0,49,684.0,20,1,2357,2025-06-13
2025-06-13 10:13:39.064168,684.0,2,683.0,49,684.0,18,1,2357,2025-06-13
2025-06-13 10:13:55.014453,684.0,1,683.0,50,684.0,17,1,2357,2025-06-13
2025-06-13 10:14:00.758719,684.0,1,683.0,50,684.0,17,1,2357,2025-06-13
2025-06-13 10:14:24.272943,684.0,3,683.0,63,684.0,17,1,2357,2025-06-13
2025-06-13 10:14:24.352112,684.0,1,683.0,64,684.0,16,1,2357,2025-06-13
2025-06-13 10:14:27.340145,684.0,1,683.0,62,684.0,17,1,2357,2025-06-13
2025-06-13 10:14:28.939176,684.0,1,683.0,62,684.0,16,1,2357,2025-06-13
2025-06-13 10:14:31.807054,684.0,1,683.0,62,684.0,16,1,2357,2025-06-13
2025-06-13 10:14:53.121731,684.0,1,683.0,62,684.0,17,1,2357,2025-06-13
2025-06-13 10:15:01.186312,684.0,1,683.0,62,684.0,17,1,2357,2025-06-13
2025-06-13 10:15:04.434425,684.0,1,683.0,62,684.0,16,1,2357,2025-06-13
2025-06-13 10:15:05.529026,683.0,1,683.0,61,684.0,16,2,2357,2025-06-13
2025-06-13 10:15:54.916090,683.0,63,682.0,45,684.0,27,2,2357,2025-06-13
2025-06-13 10:15:54.964506,683.0,1,682.0,45,683.0,9,1,2357,2025-06-13
2025-06-13 10:16:23.974136,683.0,1,682.0,42,683.0,15,1,2357,2025-06-13
2025-06-13 10:16:33.773769,682.0,2,682.0,40,683.0,16,2,2357,2025-06-13
2025-06-13 10:16:54.112108,683.0,2,682.0,40,683.0,15,1,2357,2025-06-13
2025-06-13 10:17:45.347090,682.0,1,682.0,39,683.0,30,2,2357,2025-06-13
2025-06-13 10:17:47.789846,682.0,1,682.0,38,683.0,30,2,2357,2025-06-13
2025-06-13 10:18:00.306267,682.0,4,682.0,33,683.0,32,2,2357,2025-06-13
2025-06-13 10:18:00.328493,682.0,1,682.0,32,683.0,35,2,2357,2025-06-13
2025-06-13 10:18:00.350608,682.0,28,682.0,4,683.0,38,2,2357,2025-06-13
2025-06-13 10:18:00.380578,682.0,4,681.0,23,683.0,38,2,2357,2025-06-13
2025-06-13 10:18:00.447273,682.0,1,682.0,1,683.0,44,2,2357,2025-06-13
2025-06-13 10:18:10.504342,681.0,1,681.0,16,682.0,6,2,2357,2025-06-13
2025-06-13 10:18:31.504543,681.0,1,681.0,16,682.0,11,2,2357,2025-06-13
2025-06-13 10:18:32.440942,682.0,1,681.0,16,682.0,10,1,2357,2025-06-13
2025-06-13 10:18:51.702646,682.0,1,681.0,19,682.0,15,1,2357,2025-06-13
2025-06-13 10:18:53.668260,682.0,1,681.0,18,682.0,14,1,2357,2025-06-13
2025-06-13 10:19:26.038624,682.0,1,681.0,19,682.0,18,1,2357,2025-06-13
2025-06-13 10:19:31.975892,682.0,1,681.0,19,682.0,17,1,2357,2025-06-13
2025-06-13 10:19:57.046200,682.0,1,681.0,19,682.0,16,1,2357,2025-06-13
2025-06-13 10:19:59.400495,682.0,2,681.0,19,682.0,14,1,2357,2025-06-13
2025-06-13 10:20:03.277142,681.0,1,681.0,20,682.0,15,2,2357,2025-06-13
2025-06-13 10:20:23.260321,681.0,1,681.0,20,682.0,16,2,2357,2025-06-13
2025-06-13 10:21:05.146101,682.0,2,681.0,23,682.0,15,1,2357,2025-06-13
2025-06-13 10:21:16.976942,681.0,1,681.0,22,682.0,15,2,2357,2025-06-13
2025-06-13 10:21:33.498576,682.0,2,681.0,26,682.0,13,1,2357,2025-06-13
2025-06-13 10:21:36.536129,681.0,1,681.0,31,682.0,12,2,2357,2025-06-13
2025-06-13 10:21:38.087479,682.0,12,681.0,31,683.0,21,1,2357,2025-06-13
2025-06-13 10:21:51.976082,683.0,1,682.0,18,683.0,15,1,2357,2025-06-13
2025-06-13 10:21:59.886654,682.0,1,682.0,17,683.0,16,2,2357,2025-06-13
2025-06-13 10:22:10.897683,683.0,2,682.0,14,683.0,14,1,2357,2025-06-13
2025-06-13 10:22:38.977199,683.0,1,682.0,15,683.0,17,1,2357,2025-06-13
2025-06-13 10:22:43.683766,682.0,1,682.0,14,683.0,16,2,2357,2025-06-13
2025-06-13 10:23:16.673953,683.0,2,682.0,20,683.0,14,1,2357,2025-06-13
2025-06-13 10:23:23.141049,683.0,2,682.0,20,683.0,13,1,2357,2025-06-13
2025-06-13 10:23:37.204423,683.0,1,682.0,20,683.0,13,1,2357,2025-06-13
2025-06-13 10:23:52.827381,683.0,2,682.0,20,683.0,10,1,2357,2025-06-13
2025-06-13 10:24:23.407090,683.0,2,682.0,21,683.0,23,1,2357,2025-06-13
2025-06-13 10:24:32.951302,682.0,1,682.0,21,683.0,21,2,2357,2025-06-13
2025-06-13 10:24:35.963000,682.0,1,682.0,20,683.0,25,2,2357,2025-06-13
2025-06-13 10:24:36.094505,682.0,3,682.0,20,683.0,25,2,2357,2025-06-13
2025-06-13 10:24:46.543067,682.0,4,682.0,15,683.0,26,2,2357,2025-06-13
2025-06-13 10:24:48.780348,683.0,2,682.0,15,683.0,21,1,2357,2025-06-13
2025-06-13 10:25:29.124293,683.0,2,682.0,18,683.0,18,1,2357,2025-06-13
2025-06-13 10:25:46.978801,683.0,1,682.0,19,683.0,17,1,2357,2025-06-13
2025-06-13 10:26:15.054161,683.0,1,682.0,22,683.0,17,1,2357,2025-06-13
2025-06-13 10:26:34.892003,683.0,2,682.0,25,683.0,14,1,2357,2025-06-13
2025-06-13 10:27:15.708941,683.0,1,682.0,25,683.0,21,1,2357,2025-06-13
2025-06-13 10:27:19.614152,683.0,1,682.0,25,683.0,20,1,2357,2025-06-13
2025-06-13 10:27:40.587397,683.0,2,682.0,33,683.0,21,1,2357,2025-06-13
2025-06-13 10:27:46.352582,683.0,1,682.0,33,683.0,20,1,2357,2025-06-13
2025-06-13 10:27:49.055868,683.0,2,682.0,35,683.0,18,1,2357,2025-06-13
2025-06-13 10:28:24.937430,682.0,1,682.0,37,683.0,23,2,2357,2025-06-13
2025-06-13 10:28:30.325698,683.0,1,682.0,37,683.0,22,1,2357,2025-06-13
2025-06-13 10:28:47.332748,683.0,2,682.0,37,683.0,20,1,2357,2025-06-13
2025-06-13 10:29:03.626326,683.0,1,682.0,37,683.0,20,1,2357,2025-06-13
2025-06-13 10:29:24.055887,683.0,2,682.0,37,683.0,18,1,2357,2025-06-13
2025-06-13 10:29:31.178874,683.0,1,682.0,39,683.0,17,1,2357,2025-06-13
2025-06-13 10:29:41.459026,683.0,1,682.0,39,683.0,16,1,2357,2025-06-13
2025-06-13 10:29:53.114941,683.0,2,682.0,39,683.0,14,1,2357,2025-06-13
2025-06-13 10:30:11.425774,683.0,1,682.0,41,683.0,15,1,2357,2025-06-13
2025-06-13 10:30:20.538992,683.0,1,682.0,41,683.0,14,1,2357,2025-06-13
2025-06-13 10:30:49.990796,682.0,2,682.0,40,683.0,24,2,2357,2025-06-13
2025-06-13 10:30:53.977985,682.0,1,682.0,42,683.0,24,2,2357,2025-06-13
2025-06-13 10:30:58.787306,683.0,2,682.0,45,683.0,24,1,2357,2025-06-13
2025-06-13 10:30:59.977576,682.0,1,682.0,44,683.0,22,2,2357,2025-06-13
2025-06-13 10:31:08.947408,682.0,1,682.0,45,683.0,23,2,2357,2025-06-13
2025-06-13 10:31:16.961637,682.0,1,682.0,46,683.0,22,2,2357,2025-06-13
2025-06-13 10:31:38.657669,683.0,2,682.0,44,683.0,22,1,2357,2025-06-13
2025-06-13 10:31:39.029062,683.0,2,682.0,44,683.0,20,1,2357,2025-06-13
2025-06-13 10:32:01.981265,683.0,1,682.0,44,683.0,21,1,2357,2025-06-13
2025-06-13 10:32:04.524257,683.0,2,682.0,44,683.0,19,1,2357,2025-06-13
2025-06-13 10:32:29.224897,683.0,1,682.0,44,683.0,18,1,2357,2025-06-13
2025-06-13 10:32:33.053465,683.0,1,682.0,44,683.0,17,1,2357,2025-06-13
2025-06-13 10:32:34.946233,682.0,1,682.0,43,683.0,17,2,2357,2025-06-13
2025-06-13 10:33:11.236261,683.0,2,682.0,43,683.0,25,1,2357,2025-06-13
2025-06-13 10:33:13.946890,682.0,1,682.0,44,683.0,25,2,2357,2025-06-13
2025-06-13 10:33:40.636178,682.0,3,682.0,44,683.0,32,2,2357,2025-06-13
2025-06-13 10:33:43.992872,682.0,1,682.0,43,683.0,33,2,2357,2025-06-13
2025-06-13 10:34:00.318250,682.0,5,682.0,38,683.0,34,2,2357,2025-06-13
2025-06-13 10:34:00.351548,682.0,1,682.0,37,683.0,34,2,2357,2025-06-13
2025-06-13 10:34:00.355303,682.0,1,682.0,35,683.0,34,2,2357,2025-06-13
2025-06-13 10:34:00.386843,682.0,20,682.0,15,683.0,34,2,2357,2025-06-13
2025-06-13 10:34:00.453680,682.0,3,682.0,18,683.0,38,2,2357,2025-06-13
2025-06-13 10:34:00.542036,682.0,2,682.0,18,683.0,35,2,2357,2025-06-13
2025-06-13 10:34:05.527808,682.0,1,682.0,15,683.0,33,2,2357,2025-06-13
2025-06-13 10:34:05.559222,682.0,1,682.0,14,683.0,33,2,2357,2025-06-13
2025-06-13 10:34:11.866236,682.0,1,682.0,15,683.0,33,2,2357,2025-06-13
2025-06-13 10:34:16.935573,683.0,2,682.0,16,683.0,31,1,2357,2025-06-13
2025-06-13 10:35:09.976644,683.0,1,682.0,20,683.0,29,1,2357,2025-06-13
2025-06-13 10:35:22.672409,683.0,2,682.0,20,683.0,27,1,2357,2025-06-13
2025-06-13 10:35:38.709055,683.0,1,682.0,21,683.0,29,1,2357,2025-06-13
2025-06-13 10:35:42.051349,683.0,2,682.0,23,683.0,26,1,2357,2025-06-13
2025-06-13 10:36:05.173213,683.0,2,682.0,23,683.0,28,1,2357,2025-06-13
2025-06-13 10:36:10.755713,682.0,1,682.0,22,683.0,31,2,2357,2025-06-13
2025-06-13 10:36:28.476723,683.0,2,682.0,29,683.0,33,1,2357,2025-06-13
2025-06-13 10:37:16.081884,683.0,2,682.0,40,683.0,35,1,2357,2025-06-13
2025-06-13 10:37:22.413084,682.0,1,682.0,41,683.0,36,2,2357,2025-06-13
2025-06-13 10:37:35.146254,683.0,2,682.0,41,683.0,35,1,2357,2025-06-13
2025-06-13 10:37:47.953836,682.0,1,682.0,42,683.0,37,2,2357,2025-06-13
2025-06-13 10:38:16.976659,683.0,1,682.0,48,683.0,36,1,2357,2025-06-13
2025-06-13 10:38:40.866777,683.0,2,682.0,51,683.0,33,1,2357,2025-06-13
2025-06-13 10:38:51.051346,683.0,1,682.0,50,683.0,36,1,2357,2025-06-13
2025-06-13 10:38:51.123147,683.0,1,682.0,50,683.0,35,1,2357,2025-06-13
2025-06-13 10:39:17.248827,682.0,1,682.0,51,683.0,45,2,2357,2025-06-13
2025-06-13 10:39:25.226911,683.0,1,682.0,51,683.0,44,1,2357,2025-06-13
2025-06-13 10:39:31.853824,683.0,2,682.0,50,683.0,42,1,2357,2025-06-13
2025-06-13 10:39:31.914810,683.0,1,682.0,50,683.0,41,1,2357,2025-06-13
2025-06-13 10:39:46.680316,683.0,2,682.0,50,683.0,39,1,2357,2025-06-13
2025-06-13 10:39:46.827426,683.0,1,682.0,49,683.0,38,1,2357,2025-06-13
2025-06-13 10:40:00.047946,683.0,1,682.0,50,683.0,37,1,2357,2025-06-13
2025-06-13 10:40:00.048306,683.0,1,682.0,50,683.0,36,1,2357,2025-06-13
2025-06-13 10:40:25.079459,683.0,2,682.0,50,683.0,35,1,2357,2025-06-13
2025-06-13 10:40:52.409616,683.0,2,682.0,51,683.0,33,1,2357,2025-06-13
2025-06-13 10:41:21.203561,683.0,1,682.0,51,683.0,33,1,2357,2025-06-13
2025-06-13 10:41:24.978897,683.0,1,682.0,51,683.0,32,1,2357,2025-06-13
2025-06-13 10:41:26.230517,683.0,1,682.0,51,683.0,31,1,2357,2025-06-13
2025-06-13 10:41:28.706774,683.0,11,682.0,51,683.0,20,1,2357,2025-06-13
2025-06-13 10:41:42.792644,683.0,2,682.0,51,683.0,22,1,2357,2025-06-13
2025-06-13 10:41:58.173167,683.0,2,682.0,52,683.0,23,1,2357,2025-06-13
2025-06-13 10:42:00.041854,683.0,2,682.0,52,683.0,22,1,2357,2025-06-13
2025-06-13 10:42:00.629779,683.0,2,682.0,53,683.0,20,1,2357,2025-06-13
2025-06-13 10:42:05.811931,683.0,1,682.0,53,683.0,19,1,2357,2025-06-13
2025-06-13 10:42:06.305649,682.0,1,682.0,52,683.0,19,2,2357,2025-06-13
2025-06-13 10:42:33.574328,683.0,2,682.0,55,683.0,17,1,2357,2025-06-13
2025-06-13 10:43:01.189951,683.0,1,682.0,56,683.0,23,1,2357,2025-06-13
2025-06-13 10:43:03.244420,683.0,1,682.0,56,683.0,22,1,2357,2025-06-13
2025-06-13 10:43:04.830860,683.0,2,682.0,56,683.0,20,1,2357,2025-06-13
2025-06-13 10:43:07.322511,682.0,1,682.0,55,683.0,20,2,2357,2025-06-13
2025-06-13 10:43:09.939670,682.0,1,682.0,54,683.0,20,2,2357,2025-06-13
2025-06-13 10:43:32.796801,682.0,1,682.0,54,683.0,20,2,2357,2025-06-13
2025-06-13 10:43:34.516348,682.0,1,682.0,54,683.0,19,2,2357,2025-06-13
2025-06-13 10:43:38.350263,683.0,1,682.0,54,683.0,18,1,2357,2025-06-13
2025-06-13 10:43:46.536106,682.0,1,682.0,53,683.0,20,2,2357,2025-06-13
2025-06-13 10:43:57.004907,683.0,1,682.0,53,683.0,27,1,2357,2025-06-13
2025-06-13 10:43:58.894782,683.0,1,682.0,53,683.0,26,1,2357,2025-06-13
2025-06-13 10:43:59.813178,682.0,4,682.0,49,683.0,26,2,2357,2025-06-13
2025-06-13 10:43:59.813302,682.0,2,682.0,47,683.0,26,2,2357,2025-06-13
2025-06-13 10:43:59.813338,682.0,1,682.0,46,683.0,26,2,2357,2025-06-13
2025-06-13 10:43:59.813365,682.0,1,682.0,45,683.0,26,2,2357,2025-06-13
2025-06-13 10:43:59.813413,682.0,2,682.0,43,683.0,27,2,2357,2025-06-13
2025-06-13 10:43:59.813490,682.0,4,682.0,39,683.0,27,2,2357,2025-06-13
2025-06-13 10:43:59.860542,682.0,24,682.0,15,683.0,31,2,2357,2025-06-13
2025-06-13 10:43:59.860581,682.0,3,682.0,12,683.0,31,2,2357,2025-06-13
2025-06-13 10:43:59.860591,682.0,2,682.0,10,683.0,31,2,2357,2025-06-13
2025-06-13 10:43:59.863964,682.0,9,681.0,27,683.0,31,2,2357,2025-06-13
2025-06-13 10:43:59.947741,682.0,3,681.0,27,682.0,7,1,2357,2025-06-13
2025-06-13 10:43:59.948352,682.0,4,681.0,27,682.0,3,1,2357,2025-06-13
2025-06-13 10:44:01.068596,681.0,1,681.0,28,682.0,18,2,2357,2025-06-13
2025-06-13 10:44:01.710078,682.0,1,681.0,29,682.0,17,1,2357,2025-06-13
2025-06-13 10:44:02.440125,681.0,2,681.0,25,682.0,17,2,2357,2025-06-13
2025-06-13 10:44:02.687316,681.0,1,681.0,24,682.0,17,2,2357,2025-06-13
2025-06-13 10:44:03.486069,681.0,1,681.0,23,682.0,17,2,2357,2025-06-13
2025-06-13 10:44:04.946422,681.0,4,681.0,20,682.0,17,2,2357,2025-06-13
2025-06-13 10:44:04.978630,681.0,2,681.0,18,682.0,15,2,2357,2025-06-13
2025-06-13 10:44:07.205480,681.0,6,681.0,13,682.0,13,2,2357,2025-06-13
2025-06-13 10:44:10.207453,681.0,9,681.0,6,682.0,20,2,2357,2025-06-13
2025-06-13 10:44:10.548328,682.0,2,681.0,5,682.0,19,1,2357,2025-06-13
2025-06-13 10:44:13.547567,681.0,1,681.0,4,682.0,21,2,2357,2025-06-13
2025-06-13 10:44:18.847156,681.0,2,681.0,2,682.0,23,2,2357,2025-06-13
2025-06-13 10:44:22.496723,681.0,1,681.0,1,682.0,22,2,2357,2025-06-13
2025-06-13 10:44:32.978633,681.0,1,681.0,1,682.0,24,2,2357,2025-06-13
2025-06-13 10:44:32.980616,682.0,1,681.0,1,682.0,23,1,2357,2025-06-13
2025-06-13 10:44:39.473728,681.0,3,680.0,29,682.0,23,2,2357,2025-06-13
2025-06-13 10:44:39.746836,682.0,2,680.0,34,682.0,21,1,2357,2025-06-13
2025-06-13 10:45:09.074413,682.0,2,680.0,35,682.0,23,1,2357,2025-06-13
2025-06-13 10:45:16.226532,681.0,2,680.0,34,681.0,7,1,2357,2025-06-13
2025-06-13 10:45:18.728188,681.0,1,680.0,31,681.0,9,1,2357,2025-06-13
2025-06-13 10:45:20.366343,681.0,9,680.0,35,682.0,11,1,2357,2025-06-13
2025-06-13 10:45:28.717433,681.0,13,681.0,7,682.0,17,2,2357,2025-06-13
2025-06-13 10:45:33.118524,681.0,3,681.0,4,682.0,17,2,2357,2025-06-13
2025-06-13 10:45:35.559355,681.0,4,680.0,40,681.0,6,2,2357,2025-06-13
2025-06-13 10:45:40.957691,680.0,7,680.0,23,681.0,7,2,2357,2025-06-13
2025-06-13 10:45:41.983313,681.0,1,680.0,22,681.0,6,1,2357,2025-06-13
2025-06-13 10:45:42.011794,681.0,6,680.0,23,682.0,9,1,2357,2025-06-13
2025-06-13 10:45:43.805052,681.0,1,680.0,45,682.0,9,2,2357,2025-06-13
2025-06-13 10:45:55.599413,681.0,1,680.0,22,681.0,36,1,2357,2025-06-13
2025-06-13 10:45:59.037757,680.0,2,680.0,20,681.0,36,2,2357,2025-06-13
2025-06-13 10:46:02.315251,681.0,1,680.0,20,681.0,37,1,2357,2025-06-13
2025-06-13 10:46:22.976347,681.0,2,680.0,20,681.0,37,1,2357,2025-06-13
2025-06-13 10:46:30.506461,680.0,3,680.0,17,681.0,40,2,2357,2025-06-13
2025-06-13 10:46:31.410953,680.0,1,680.0,16,681.0,40,2,2357,2025-06-13
2025-06-13 10:46:32.629877,680.0,1,680.0,15,681.0,40,2,2357,2025-06-13
2025-06-13 10:47:28.728480,681.0,2,680.0,28,681.0,43,1,2357,2025-06-13
2025-06-13 10:48:03.717193,681.0,2,680.0,26,681.0,22,1,2357,2025-06-13
2025-06-13 10:48:18.059717,681.0,2,680.0,32,681.0,21,1,2357,2025-06-13
2025-06-13 10:48:34.419984,681.0,2,680.0,32,681.0,19,1,2357,2025-06-13
2025-06-13 10:49:03.474753,681.0,1,680.0,32,681.0,18,1,2357,2025-06-13
2025-06-13 10:49:40.107727,681.0,2,680.0,34,681.0,19,1,2357,2025-06-13
2025-06-13 10:49:52.052891,681.0,1,680.0,41,681.0,23,1,2357,2025-06-13
2025-06-13 10:50:42.263786,681.0,1,680.0,43,681.0,23,1,2357,2025-06-13
2025-06-13 10:50:42.264449,681.0,1,680.0,42,681.0,22,1,2357,2025-06-13
2025-06-13 10:50:42.266053,681.0,1,680.0,41,681.0,21,1,2357,2025-06-13
2025-06-13 10:50:42.268002,681.0,1,680.0,40,681.0,20,1,2357,2025-06-13
2025-06-13 10:50:46.798947,681.0,2,680.0,39,681.0,18,1,2357,2025-06-13
2025-06-13 10:50:49.023955,680.0,1,680.0,38,681.0,18,2,2357,2025-06-13
2025-06-13 10:51:27.716979,681.0,2,680.0,38,681.0,15,1,2357,2025-06-13
2025-06-13 10:51:51.168003,681.0,1,680.0,38,681.0,14,1,2357,2025-06-13
2025-06-13 10:51:52.483029,681.0,2,680.0,38,681.0,12,1,2357,2025-06-13
2025-06-13 10:51:52.556946,680.0,1,680.0,37,681.0,12,2,2357,2025-06-13
2025-06-13 10:51:54.753397,681.0,2,680.0,35,681.0,10,1,2357,2025-06-13
2025-06-13 10:52:01.474913,681.0,10,680.0,36,681.0,10,1,2357,2025-06-13
2025-06-13 10:52:04.575206,682.0,1,681.0,17,682.0,53,1,2357,2025-06-13
2025-06-13 10:52:15.072728,682.0,1,681.0,21,682.0,50,1,2357,2025-06-13
2025-06-13 10:52:22.227580,682.0,2,681.0,21,682.0,48,1,2357,2025-06-13
2025-06-13 10:52:24.705800,682.0,1,681.0,21,682.0,57,1,2357,2025-06-13
2025-06-13 10:52:26.020090,682.0,5,681.0,21,682.0,52,1,2357,2025-06-13
2025-06-13 10:52:58.186684,682.0,2,681.0,30,682.0,51,1,2357,2025-06-13
2025-06-13 10:53:01.046817,682.0,2,681.0,35,682.0,49,1,2357,2025-06-13
2025-06-13 10:53:01.079544,682.0,1,681.0,36,682.0,48,1,2357,2025-06-13
2025-06-13 10:53:31.471738,682.0,1,681.0,35,682.0,49,1,2357,2025-06-13
2025-06-13 10:53:36.884860,682.0,2,681.0,37,682.0,48,1,2357,2025-06-13
2025-06-13 10:54:03.854774,682.0,2,681.0,35,682.0,46,1,2357,2025-06-13
2025-06-13 10:54:36.052247,682.0,2,681.0,30,682.0,58,1,2357,2025-06-13
2025-06-13 10:54:50.959607,682.0,1,681.0,32,682.0,48,1,2357,2025-06-13
2025-06-13 10:54:51.691823,682.0,2,681.0,32,682.0,46,1,2357,2025-06-13
2025-06-13 10:54:56.252279,681.0,1,681.0,31,682.0,45,2,2357,2025-06-13
2025-06-13 10:54:57.627255,682.0,1,681.0,31,682.0,44,1,2357,2025-06-13
2025-06-13 10:55:05.717454,682.0,1,681.0,33,682.0,43,1,2357,2025-06-13
2025-06-13 10:55:10.656214,682.0,2,681.0,33,682.0,41,1,2357,2025-06-13
2025-06-13 10:55:44.988345,681.0,1,681.0,43,682.0,42,2,2357,2025-06-13
2025-06-13 10:55:46.672755,682.0,1,681.0,43,682.0,42,1,2357,2025-06-13
2025-06-13 10:55:56.759241,681.0,1,681.0,43,682.0,46,2,2357,2025-06-13
2025-06-13 10:56:15.701499,682.0,1,681.0,37,682.0,45,1,2357,2025-06-13
2025-06-13 10:56:16.338362,682.0,2,681.0,37,682.0,43,1,2357,2025-06-13
2025-06-13 10:56:26.821264,682.0,1,681.0,38,682.0,42,1,2357,2025-06-13
2025-06-13 10:56:29.277458,682.0,10,681.0,44,682.0,33,1,2357,2025-06-13
2025-06-13 10:56:29.307559,682.0,3,681.0,49,682.0,33,1,2357,2025-06-13
2025-06-13 10:56:33.269955,682.0,13,681.0,49,682.0,17,1,2357,2025-06-13
2025-06-13 10:56:33.296571,682.0,11,681.0,53,682.0,6,1,2357,2025-06-13
2025-06-13 10:56:33.323523,682.0,4,681.0,53,682.0,2,1,2357,2025-06-13
2025-06-13 10:56:33.323552,682.0,1,681.0,53,682.0,1,1,2357,2025-06-13
2025-06-13 10:56:33.323561,682.0,1,681.0,53,683.0,16,1,2357,2025-06-13
2025-06-13 10:56:40.067050,682.0,1,682.0,19,683.0,17,2,2357,2025-06-13
2025-06-13 10:56:56.350222,682.0,1,682.0,17,683.0,17,2,2357,2025-06-13
2025-06-13 10:57:02.996053,683.0,1,682.0,17,683.0,17,1,2357,2025-06-13
2025-06-13 10:57:06.634079,683.0,1,682.0,19,683.0,16,1,2357,2025-06-13
2025-06-13 10:57:22.001660,683.0,2,682.0,21,683.0,14,1,2357,2025-06-13
2025-06-13 10:57:33.028142,683.0,1,682.0,23,683.0,14,1,2357,2025-06-13
2025-06-13 10:57:45.100909,683.0,2,682.0,29,683.0,12,1,2357,2025-06-13
2025-06-13 10:57:45.870973,683.0,1,682.0,26,683.0,11,1,2357,2025-06-13
2025-06-13 10:57:46.707857,683.0,1,682.0,26,683.0,10,1,2357,2025-06-13
2025-06-13 10:58:06.842505,683.0,1,682.0,26,683.0,10,1,2357,2025-06-13
2025-06-13 10:58:18.393338,683.0,1,682.0,26,683.0,9,1,2357,2025-06-13
2025-06-13 10:58:27.697310,683.0,2,682.0,26,683.0,8,1,2357,2025-06-13
2025-06-13 10:58:53.557257,683.0,1,682.0,27,683.0,7,1,2357,2025-06-13
2025-06-13 10:59:04.209036,683.0,1,682.0,27,683.0,6,1,2357,2025-06-13
2025-06-13 10:59:19.058748,683.0,2,682.0,29,683.0,4,1,2357,2025-06-13
2025-06-13 10:59:19.607603,683.0,1,682.0,29,683.0,3,1,2357,2025-06-13
2025-06-13 10:59:34.394099,683.0,2,682.0,30,683.0,1,1,2357,2025-06-13
2025-06-13 10:59:49.062519,683.0,1,682.0,30,683.0,1,1,2357,2025-06-13
2025-06-13 11:00:00.265087,682.0,1,682.0,29,683.0,1,2,2357,2025-06-13
2025-06-13 11:00:08.426897,683.0,1,682.0,29,683.0,1,1,2357,2025-06-13
2025-06-13 11:00:10.999977,683.0,1,682.0,29,684.0,30,1,2357,2025-06-13
2025-06-13 11:00:11.083687,684.0,2,682.0,29,684.0,28,1,2357,2025-06-13
2025-06-13 11:00:16.364103,684.0,1,682.0,29,684.0,30,1,2357,2025-06-13
2025-06-13 11:00:40.162870,684.0,2,682.0,32,684.0,29,1,2357,2025-06-13
2025-06-13 11:00:41.899835,684.0,1,682.0,32,684.0,30,1,2357,2025-06-13
2025-06-13 11:00:48.704983,684.0,1,682.0,32,684.0,29,1,2357,2025-06-13
2025-06-13 11:00:54.078071,684.0,2,682.0,32,684.0,29,1,2357,2025-06-13
2025-06-13 11:01:07.979915,684.0,1,682.0,32,684.0,27,1,2357,2025-06-13
2025-06-13 11:01:14.444865,684.0,1,682.0,34,684.0,26,1,2357,2025-06-13
2025-06-13 11:01:37.996415,684.0,1,682.0,37,684.0,28,1,2357,2025-06-13
2025-06-13 11:01:45.909974,684.0,2,682.0,34,684.0,28,1,2357,2025-06-13
2025-06-13 11:01:58.493310,683.0,1,683.0,2,684.0,33,2,2357,2025-06-13
2025-06-13 11:02:14.815331,684.0,1,683.0,31,684.0,31,1,2357,2025-06-13
2025-06-13 11:02:28.113860,684.0,1,683.0,28,684.0,34,1,2357,2025-06-13
2025-06-13 11:02:43.826549,684.0,2,683.0,28,684.0,32,1,2357,2025-06-13
2025-06-13 11:02:46.918240,684.0,1,683.0,28,684.0,31,1,2357,2025-06-13
2025-06-13 11:02:51.629987,684.0,2,683.0,28,684.0,29,1,2357,2025-06-13
2025-06-13 11:02:59.237053,683.0,1,683.0,27,684.0,30,2,2357,2025-06-13
2025-06-13 11:03:18.004276,684.0,1,683.0,30,684.0,32,1,2357,2025-06-13
2025-06-13 11:03:18.454802,683.0,1,683.0,30,684.0,32,2,2357,2025-06-13
2025-06-13 11:03:35.476862,684.0,1,683.0,31,684.0,34,1,2357,2025-06-13
2025-06-13 11:03:42.250785,684.0,1,683.0,31,684.0,34,1,2357,2025-06-13
2025-06-13 11:03:57.117427,684.0,1,683.0,30,684.0,37,1,2357,2025-06-13
2025-06-13 11:03:58.341343,684.0,2,683.0,30,684.0,35,1,2357,2025-06-13
2025-06-13 11:03:59.179527,683.0,1,683.0,29,684.0,35,2,2357,2025-06-13
2025-06-13 11:04:09.111233,684.0,1,683.0,31,684.0,35,1,2357,2025-06-13
2025-06-13 11:04:31.109945,684.0,1,683.0,33,684.0,34,1,2357,2025-06-13
2025-06-13 11:04:44.787002,684.0,1,683.0,34,684.0,34,1,2357,2025-06-13
2025-06-13 11:05:03.993684,684.0,2,683.0,35,684.0,29,1,2357,2025-06-13
2025-06-13 11:05:34.268853,684.0,1,683.0,37,684.0,44,1,2357,2025-06-13
2025-06-13 11:05:37.086501,684.0,2,683.0,37,684.0,43,1,2357,2025-06-13
2025-06-13 11:05:46.014867,683.0,1,683.0,36,684.0,44,2,2357,2025-06-13
2025-06-13 11:06:03.489510,683.0,10,683.0,26,684.0,51,2,2357,2025-06-13
2025-06-13 11:06:03.520207,683.0,26,682.0,23,684.0,52,2,2357,2025-06-13
2025-06-13 11:06:03.611407,683.0,3,682.0,22,683.0,5,1,2357,2025-06-13
2025-06-13 11:06:09.650221,683.0,2,682.0,19,683.0,2,1,2357,2025-06-13
2025-06-13 11:06:25.990151,683.0,1,682.0,19,683.0,14,1,2357,2025-06-13
2025-06-13 11:07:10.243461,683.0,1,682.0,20,683.0,42,1,2357,2025-06-13
2025-06-13 11:07:12.058250,683.0,1,682.0,20,683.0,41,1,2357,2025-06-13
2025-06-13 11:07:16.475361,683.0,2,682.0,20,683.0,39,1,2357,2025-06-13
2025-06-13 11:07:22.182392,682.0,1,682.0,19,683.0,39,2,2357,2025-06-13
2025-06-13 11:07:36.005833,682.0,1,682.0,18,683.0,41,2,2357,2025-06-13
2025-06-13 11:08:21.452230,682.0,1,682.0,18,683.0,41,2,2357,2025-06-13
2025-06-13 11:08:22.211708,683.0,2,682.0,18,683.0,43,1,2357,2025-06-13
2025-06-13 11:08:46.061451,683.0,2,682.0,22,683.0,38,1,2357,2025-06-13
2025-06-13 11:09:11.703637,683.0,1,682.0,22,683.0,43,1,2357,2025-06-13
2025-06-13 11:09:13.881773,682.0,1,682.0,22,683.0,43,2,2357,2025-06-13
2025-06-13 11:09:27.993413,683.0,2,682.0,24,683.0,41,1,2357,2025-06-13
2025-06-13 11:09:29.559205,682.0,1,682.0,23,683.0,41,2,2357,2025-06-13
2025-06-13 11:09:32.984923,683.0,1,682.0,23,683.0,40,1,2357,2025-06-13
2025-06-13 11:09:37.817801,683.0,1,682.0,23,683.0,39,1,2357,2025-06-13
2025-06-13 11:10:11.367820,683.0,1,682.0,25,683.0,41,1,2357,2025-06-13
2025-06-13 11:10:21.059295,683.0,2,682.0,26,683.0,39,1,2357,2025-06-13
2025-06-13 11:10:33.771460,683.0,2,682.0,27,683.0,32,1,2357,2025-06-13
2025-06-13 11:10:43.658493,682.0,1,682.0,27,683.0,32,2,2357,2025-06-13
2025-06-13 11:11:20.223492,682.0,3,682.0,28,683.0,39,2,2357,2025-06-13
2025-06-13 11:11:31.509222,682.0,2,682.0,26,683.0,40,2,2357,2025-06-13
2025-06-13 11:11:39.486041,683.0,2,682.0,26,683.0,38,1,2357,2025-06-13
2025-06-13 11:11:55.088262,683.0,2,682.0,26,683.0,38,1,2357,2025-06-13
2025-06-13 11:12:06.383590,683.0,1,682.0,26,683.0,37,1,2357,2025-06-13
2025-06-13 11:12:22.371043,682.0,20,682.0,8,683.0,39,2,2357,2025-06-13
2025-06-13 11:12:22.388537,682.0,8,681.0,25,683.0,40,2,2357,2025-06-13
2025-06-13 11:12:40.985400,682.0,1,681.0,23,682.0,4,1,2357,2025-06-13
2025-06-13 11:12:43.480187,681.0,1,681.0,22,682.0,8,2,2357,2025-06-13
2025-06-13 11:12:46.222747,682.0,2,681.0,22,682.0,7,1,2357,2025-06-13
2025-06-13 11:13:04.648661,682.0,2,681.0,22,682.0,9,1,2357,2025-06-13
2025-06-13 11:13:12.499060,682.0,1,681.0,24,682.0,24,1,2357,2025-06-13
2025-06-13 11:13:30.117749,682.0,1,681.0,27,682.0,24,1,2357,2025-06-13
2025-06-13 11:13:31.472530,682.0,1,681.0,28,682.0,23,1,2357,2025-06-13
2025-06-13 11:13:31.472692,682.0,6,681.0,28,682.0,17,1,2357,2025-06-13
2025-06-13 11:13:31.513560,682.0,5,681.0,31,682.0,12,1,2357,2025-06-13
2025-06-13 11:13:40.201433,682.0,1,681.0,34,682.0,7,1,2357,2025-06-13
2025-06-13 11:13:51.911250,682.0,2,681.0,33,682.0,5,1,2357,2025-06-13
2025-06-13 11:14:47.754395,682.0,3,681.0,33,682.0,5,1,2357,2025-06-13
2025-06-13 11:14:57.621907,682.0,2,681.0,33,682.0,5,1,2357,2025-06-13
2025-06-13 11:15:04.116719,682.0,2,681.0,33,682.0,3,1,2357,2025-06-13
2025-06-13 11:15:22.873829,682.0,1,681.0,33,682.0,3,1,2357,2025-06-13
2025-06-13 11:15:23.185176,682.0,1,681.0,33,682.0,2,1,2357,2025-06-13
2025-06-13 11:15:33.376148,682.0,1,681.0,35,682.0,1,1,2357,2025-06-13
2025-06-13 11:15:40.827467,682.0,1,681.0,35,683.0,21,1,2357,2025-06-13
2025-06-13 11:15:48.987208,683.0,1,682.0,10,683.0,20,1,2357,2025-06-13
2025-06-13 11:16:03.325176,683.0,2,682.0,11,683.0,18,1,2357,2025-06-13
2025-06-13 11:16:13.640534,683.0,1,682.0,11,683.0,19,1,2357,2025-06-13
2025-06-13 11:16:39.068209,683.0,2,682.0,12,683.0,18,1,2357,2025-06-13
2025-06-13 11:16:57.014009,682.0,1,682.0,15,683.0,19,2,2357,2025-06-13
2025-06-13 11:17:03.302843,682.0,1,682.0,14,683.0,19,2,2357,2025-06-13
2025-06-13 11:17:09.565223,682.0,1,682.0,13,683.0,20,2,2357,2025-06-13
2025-06-13 11:17:09.978914,683.0,2,682.0,13,683.0,22,1,2357,2025-06-13
2025-06-13 11:17:34.704619,683.0,1,682.0,13,683.0,17,1,2357,2025-06-13
2025-06-13 11:18:13.083791,683.0,2,682.0,17,683.0,17,1,2357,2025-06-13
2025-06-13 11:18:15.707050,683.0,2,682.0,17,683.0,15,1,2357,2025-06-13
2025-06-13 11:18:16.226760,683.0,1,682.0,17,683.0,14,1,2357,2025-06-13
2025-06-13 11:18:22.087199,683.0,2,682.0,17,683.0,11,1,2357,2025-06-13
2025-06-13 11:18:55.989899,683.0,1,682.0,17,683.0,12,1,2357,2025-06-13
2025-06-13 11:19:14.776127,683.0,1,682.0,17,683.0,14,1,2357,2025-06-13
2025-06-13 11:19:21.481920,683.0,2,682.0,17,683.0,12,1,2357,2025-06-13
2025-06-13 11:19:48.069026,683.0,1,682.0,20,683.0,11,1,2357,2025-06-13
2025-06-13 11:19:48.864258,683.0,1,682.0,20,683.0,11,1,2357,2025-06-13
2025-06-13 11:20:27.195006,683.0,2,682.0,23,683.0,9,1,2357,2025-06-13
2025-06-13 11:20:31.588336,683.0,1,682.0,23,683.0,8,1,2357,2025-06-13
2025-06-13 11:20:38.758514,682.0,1,682.0,26,683.0,8,2,2357,2025-06-13
2025-06-13 11:21:23.332636,682.0,1,682.0,28,683.0,11,2,2357,2025-06-13
2025-06-13 11:21:26.343432,683.0,1,682.0,30,683.0,12,1,2357,2025-06-13
2025-06-13 11:21:28.943970,683.0,1,682.0,30,683.0,11,1,2357,2025-06-13
2025-06-13 11:21:33.986687,683.0,2,682.0,30,683.0,9,1,2357,2025-06-13
2025-06-13 11:22:03.992640,683.0,1,682.0,30,683.0,11,1,2357,2025-06-13
2025-06-13 11:22:15.540444,683.0,1,682.0,30,683.0,13,1,2357,2025-06-13
2025-06-13 11:22:15.898856,683.0,1,682.0,30,683.0,12,1,2357,2025-06-13
2025-06-13 11:22:39.715446,683.0,2,682.0,30,683.0,10,1,2357,2025-06-13
2025-06-13 11:22:57.076700,683.0,2,682.0,30,683.0,10,1,2357,2025-06-13
2025-06-13 11:23:12.008833,683.0,1,682.0,33,683.0,12,1,2357,2025-06-13
2025-06-13 11:23:16.005838,683.0,4,682.0,33,683.0,8,1,2357,2025-06-13
2025-06-13 11:23:27.030147,683.0,1,682.0,33,683.0,18,1,2357,2025-06-13
2025-06-13 11:23:45.389973,683.0,2,682.0,33,683.0,17,1,2357,2025-06-13
2025-06-13 11:24:13.759860,683.0,1,682.0,33,683.0,16,1,2357,2025-06-13
2025-06-13 11:24:31.078454,683.0,2,682.0,36,683.0,15,1,2357,2025-06-13
2025-06-13 11:24:43.305902,683.0,1,682.0,36,683.0,15,1,2357,2025-06-13
2025-06-13 11:24:51.135382,683.0,2,682.0,36,683.0,13,1,2357,2025-06-13
2025-06-13 11:25:10.993995,683.0,1,682.0,37,683.0,13,1,2357,2025-06-13
2025-06-13 11:25:11.626571,683.0,4,682.0,37,683.0,9,1,2357,2025-06-13
2025-06-13 11:25:11.701648,683.0,1,682.0,39,683.0,8,1,2357,2025-06-13
2025-06-13 11:25:17.038787,683.0,1,682.0,39,683.0,8,1,2357,2025-06-13
2025-06-13 11:25:17.704151,683.0,1,682.0,39,683.0,7,1,2357,2025-06-13
2025-06-13 11:25:21.755785,683.0,2,682.0,40,683.0,5,1,2357,2025-06-13
2025-06-13 11:25:23.658053,683.0,1,682.0,40,683.0,4,1,2357,2025-06-13
2025-06-13 11:25:57.704632,683.0,1,682.0,40,683.0,3,1,2357,2025-06-13
2025-06-13 11:25:57.781570,683.0,2,682.0,40,683.0,1,1,2357,2025-06-13
2025-06-13 11:26:02.426914,683.0,1,683.0,1,684.0,51,1,2357,2025-06-13
2025-06-13 11:26:02.525545,683.0,2,683.0,1,684.0,51,2,2357,2025-06-13
2025-06-13 11:26:02.555986,683.0,1,683.0,2,684.0,49,2,2357,2025-06-13
2025-06-13 11:26:02.562986,683.0,1,683.0,1,684.0,49,2,2357,2025-06-13
2025-06-13 11:26:02.589225,683.0,1,682.0,38,683.0,1,2,2357,2025-06-13
2025-06-13 11:26:02.605216,683.0,1,683.0,3,684.0,52,1,2357,2025-06-13
2025-06-13 11:26:02.641451,683.0,4,683.0,3,684.0,49,2,2357,2025-06-13
2025-06-13 11:26:22.421442,683.0,10,683.0,9,684.0,48,2,2357,2025-06-13
2025-06-13 11:26:22.448804,683.0,9,682.0,23,684.0,51,2,2357,2025-06-13
2025-06-13 11:27:03.498875,684.0,2,682.0,22,684.0,59,1,2357,2025-06-13
2025-06-13 11:27:20.502898,684.0,1,682.0,24,684.0,51,1,2357,2025-06-13
2025-06-13 11:27:24.484702,684.0,1,682.0,24,684.0,50,1,2357,2025-06-13
2025-06-13 11:27:40.057963,684.0,2,682.0,24,684.0,50,1,2357,2025-06-13
2025-06-13 11:28:08.014219,682.0,1,682.0,27,684.0,51,2,2357,2025-06-13
2025-06-13 11:28:09.249897,684.0,2,682.0,28,684.0,49,1,2357,2025-06-13
2025-06-13 11:28:18.165174,684.0,1,682.0,28,684.0,48,1,2357,2025-06-13
2025-06-13 11:28:18.997510,684.0,1,682.0,28,684.0,47,1,2357,2025-06-13
2025-06-13 11:28:42.076219,683.0,7,682.0,28,684.0,50,2,2357,2025-06-13
2025-06-13 11:29:14.994669,684.0,2,682.0,32,684.0,57,1,2357,2025-06-13
2025-06-13 11:29:15.080340,683.0,2,682.0,32,684.0,55,2,2357,2025-06-13
2025-06-13 11:29:15.151899,683.0,2,682.0,30,684.0,57,2,2357,2025-06-13
2025-06-13 11:29:21.868085,683.0,1,682.0,29,683.0,1,1,2357,2025-06-13
2025-06-13 11:30:21.707245,683.0,2,682.0,29,683.0,14,1,2357,2025-06-13
2025-06-13 11:30:51.065661,683.0,1,682.0,32,683.0,15,1,2357,2025-06-13
2025-06-13 11:31:19.295212,683.0,1,682.0,35,683.0,15,1,2357,2025-06-13
2025-06-13 11:31:27.001757,683.0,1,682.0,35,683.0,14,1,2357,2025-06-13
2025-06-13 11:31:27.394698,683.0,2,682.0,35,683.0,12,1,2357,2025-06-13
2025-06-13 11:32:14.299773,683.0,4,682.0,40,683.0,8,1,2357,2025-06-13
2025-06-13 11:32:24.083152,683.0,2,682.0,40,683.0,7,1,2357,2025-06-13
2025-06-13 11:32:33.115683,683.0,2,682.0,40,683.0,6,1,2357,2025-06-13
2025-06-13 11:32:33.192601,683.0,2,682.0,40,683.0,4,1,2357,2025-06-13
2025-06-13 11:33:20.039116,683.0,1,682.0,44,683.0,5,1,2357,2025-06-13
2025-06-13 11:33:27.307324,683.0,1,682.0,44,683.0,4,1,2357,2025-06-13
2025-06-13 11:33:28.215475,683.0,1,682.0,44,683.0,3,1,2357,2025-06-13
2025-06-13 11:33:38.809669,683.0,2,682.0,44,683.0,1,1,2357,2025-06-13
2025-06-13 11:33:40.560782,683.0,1,682.0,44,684.0,44,1,2357,2025-06-13
2025-06-13 11:34:20.424216,684.0,1,683.0,22,684.0,46,1,2357,2025-06-13
2025-06-13 11:34:21.706563,684.0,1,683.0,22,684.0,45,1,2357,2025-06-13
2025-06-13 11:34:31.838500,684.0,1,683.0,22,684.0,44,1,2357,2025-06-13
2025-06-13 11:34:34.003184,684.0,1,683.0,24,684.0,43,1,2357,2025-06-13
2025-06-13 11:34:45.523070,684.0,2,683.0,25,684.0,41,1,2357,2025-06-13
2025-06-13 11:35:29.634933,683.0,5,683.0,22,684.0,43,2,2357,2025-06-13
2025-06-13 11:35:51.242824,684.0,2,683.0,26,684.0,43,1,2357,2025-06-13
2025-06-13 11:36:24.505165,684.0,1,683.0,29,684.0,44,1,2357,2025-06-13
2025-06-13 11:36:30.465774,684.0,2,683.0,28,684.0,47,1,2357,2025-06-13
2025-06-13 11:36:52.355522,683.0,1,683.0,32,684.0,48,2,2357,2025-06-13
2025-06-13 11:36:57.042367,684.0,2,683.0,32,684.0,46,1,2357,2025-06-13
2025-06-13 11:37:07.062810,684.0,1,683.0,33,684.0,46,1,2357,2025-06-13
2025-06-13 11:37:21.549649,684.0,1,683.0,33,684.0,46,1,2357,2025-06-13
2025-06-13 11:37:42.003761,684.0,1,683.0,34,684.0,45,1,2357,2025-06-13
2025-06-13 11:37:42.936028,684.0,1,683.0,34,684.0,44,1,2357,2025-06-13
2025-06-13 11:37:50.700281,683.0,1,683.0,33,684.0,44,2,2357,2025-06-13
2025-06-13 11:38:02.803557,684.0,2,683.0,36,684.0,42,1,2357,2025-06-13
2025-06-13 11:38:35.285413,684.0,2,683.0,35,684.0,42,1,2357,2025-06-13
2025-06-13 11:38:42.099040,684.0,2,683.0,36,684.0,40,1,2357,2025-06-13
2025-06-13 11:38:59.428764,684.0,2,683.0,36,684.0,39,1,2357,2025-06-13
2025-06-13 11:39:09.522194,684.0,2,683.0,36,684.0,37,1,2357,2025-06-13
2025-06-13 11:39:15.607888,684.0,1,683.0,36,684.0,36,1,2357,2025-06-13
2025-06-13 11:39:39.116695,684.0,1,683.0,36,684.0,35,1,2357,2025-06-13
2025-06-13 11:39:52.211857,684.0,1,683.0,36,684.0,35,1,2357,2025-06-13
2025-06-13 11:40:07.603275,684.0,2,683.0,38,684.0,33,1,2357,2025-06-13
2025-06-13 11:40:15.228956,684.0,2,683.0,38,684.0,32,1,2357,2025-06-13
2025-06-13 11:40:16.069903,684.0,2,683.0,38,684.0,30,1,2357,2025-06-13
2025-06-13 11:40:22.679564,684.0,1,683.0,40,684.0,31,1,2357,2025-06-13
2025-06-13 11:40:50.001777,684.0,1,683.0,40,684.0,30,1,2357,2025-06-13
2025-06-13 11:40:54.344599,684.0,2,683.0,40,684.0,28,1,2357,2025-06-13
2025-06-13 11:41:07.216760,684.0,2,683.0,40,684.0,26,1,2357,2025-06-13
2025-06-13 11:41:20.932199,684.0,2,683.0,40,684.0,26,1,2357,2025-06-13
2025-06-13 11:41:23.647335,684.0,2,683.0,40,684.0,25,1,2357,2025-06-13
2025-06-13 11:41:34.827177,684.0,1,683.0,40,684.0,25,1,2357,2025-06-13
2025-06-13 11:41:39.348920,684.0,1,683.0,40,684.0,24,1,2357,2025-06-13
2025-06-13 11:41:50.065818,684.0,2,683.0,40,684.0,22,1,2357,2025-06-13
2025-06-13 11:41:53.069471,683.0,1,683.0,39,684.0,21,2,2357,2025-06-13
2025-06-13 11:41:54.378287,684.0,1,683.0,39,684.0,20,1,2357,2025-06-13
2025-06-13 11:42:14.099520,683.0,1,683.0,39,684.0,21,2,2357,2025-06-13
2025-06-13 11:42:26.728944,684.0,2,683.0,42,684.0,19,1,2357,2025-06-13
2025-06-13 11:42:29.998217,684.0,1,683.0,42,684.0,18,1,2357,2025-06-13
2025-06-13 11:42:44.706813,684.0,1,683.0,42,684.0,18,1,2357,2025-06-13
2025-06-13 11:42:46.931863,684.0,1,683.0,42,684.0,22,1,2357,2025-06-13
2025-06-13 11:43:10.459067,684.0,1,683.0,42,684.0,23,1,2357,2025-06-13
2025-06-13 11:43:23.137190,684.0,1,683.0,42,684.0,22,1,2357,2025-06-13
2025-06-13 11:43:23.256981,684.0,1,683.0,42,684.0,21,1,2357,2025-06-13
2025-06-13 11:43:23.811429,684.0,1,683.0,42,684.0,20,1,2357,2025-06-13
2025-06-13 11:43:25.150597,684.0,1,683.0,42,684.0,19,1,2357,2025-06-13
2025-06-13 11:43:33.448872,684.0,2,683.0,42,684.0,17,1,2357,2025-06-13
2025-06-13 11:43:43.090532,684.0,1,683.0,42,684.0,22,1,2357,2025-06-13
2025-06-13 11:43:56.996953,684.0,1,683.0,42,684.0,21,1,2357,2025-06-13
2025-06-13 11:44:04.879300,684.0,1,683.0,42,684.0,20,1,2357,2025-06-13
2025-06-13 11:44:10.227694,684.0,2,683.0,42,684.0,18,1,2357,2025-06-13
2025-06-13 11:44:28.860528,684.0,1,683.0,42,684.0,19,1,2357,2025-06-13
2025-06-13 11:44:39.158632,684.0,2,683.0,42,684.0,17,1,2357,2025-06-13
2025-06-13 11:44:50.918867,684.0,15,683.0,42,684.0,3,1,2357,2025-06-13
2025-06-13 11:44:50.997936,684.0,1,683.0,43,684.0,2,1,2357,2025-06-13
2025-06-13 11:44:50.998784,684.0,1,683.0,43,684.0,3,1,2357,2025-06-13
2025-06-13 11:44:51.758043,684.0,1,683.0,43,684.0,1,1,2357,2025-06-13
2025-06-13 11:44:56.197625,684.0,1,683.0,42,685.0,86,1,2357,2025-06-13
2025-06-13 11:45:05.711190,684.0,8,684.0,24,685.0,88,2,2357,2025-06-13
2025-06-13 11:45:05.734310,684.0,24,683.0,27,685.0,89,2,2357,2025-06-13
2025-06-13 11:45:11.138920,685.0,1,683.0,26,685.0,92,1,2357,2025-06-13
2025-06-13 11:45:44.861719,684.0,2,683.0,26,684.0,1,1,2357,2025-06-13
2025-06-13 11:45:59.866171,683.0,1,683.0,25,684.0,1,2,2357,2025-06-13
2025-06-13 11:46:24.954107,684.0,1,683.0,28,684.0,4,1,2357,2025-06-13
2025-06-13 11:46:29.312248,684.0,2,683.0,28,684.0,2,1,2357,2025-06-13
2025-06-13 11:46:34.069424,684.0,2,683.0,30,685.0,87,1,2357,2025-06-13
2025-06-13 11:46:35.338945,684.0,2,683.0,30,685.0,87,2,2357,2025-06-13
2025-06-13 11:46:47.448397,684.0,2,684.0,10,685.0,93,2,2357,2025-06-13
2025-06-13 11:46:47.476495,684.0,10,683.0,28,685.0,93,2,2357,2025-06-13
2025-06-13 11:46:50.644752,685.0,2,683.0,25,685.0,96,1,2357,2025-06-13
2025-06-13 11:47:04.996976,685.0,1,683.0,26,685.0,89,1,2357,2025-06-13
2025-06-13 11:47:14.076175,684.0,4,683.0,26,685.0,89,2,2357,2025-06-13
2025-06-13 11:47:21.119386,684.0,1,683.0,27,685.0,90,2,2357,2025-06-13
2025-06-13 11:47:57.379217,684.0,2,683.0,32,684.0,1,1,2357,2025-06-13
2025-06-13 11:48:08.099749,684.0,2,683.0,32,685.0,86,1,2357,2025-06-13
2025-06-13 11:48:52.919527,683.0,1,683.0,32,684.0,2,2,2357,2025-06-13
2025-06-13 11:49:01.852803,684.0,1,683.0,33,684.0,1,1,2357,2025-06-13
2025-06-13 11:49:03.068202,684.0,2,683.0,33,685.0,89,1,2357,2025-06-13
2025-06-13 11:49:26.079963,685.0,1,683.0,37,685.0,88,1,2357,2025-06-13
2025-06-13 11:49:43.066640,684.0,1,683.0,37,684.0,1,1,2357,2025-06-13
2025-06-13 11:50:08.794539,685.0,2,683.0,37,685.0,83,1,2357,2025-06-13
2025-06-13 11:50:11.994882,685.0,1,683.0,38,685.0,81,1,2357,2025-06-13
2025-06-13 11:50:12.382732,685.0,2,683.0,41,685.0,79,1,2357,2025-06-13
2025-06-13 11:50:21.386981,684.0,1,684.0,14,685.0,79,2,2357,2025-06-13
2025-06-13 11:50:42.552234,684.0,1,684.0,20,685.0,77,2,2357,2025-06-13
2025-06-13 11:50:42.589733,684.0,20,683.0,36,685.0,77,2,2357,2025-06-13
2025-06-13 11:50:44.133697,684.0,1,683.0,29,685.0,78,2,2357,2025-06-13
2025-06-13 11:51:06.707019,685.0,1,683.0,28,685.0,78,1,2357,2025-06-13
2025-06-13 11:51:07.709503,685.0,1,683.0,28,685.0,77,1,2357,2025-06-13
2025-06-13 11:51:11.319137,684.0,1,683.0,28,685.0,78,2,2357,2025-06-13
2025-06-13 11:51:14.513053,685.0,2,683.0,29,685.0,75,1,2357,2025-06-13
2025-06-13 11:51:17.080729,685.0,2,683.0,29,685.0,73,1,2357,2025-06-13
2025-06-13 11:52:06.964625,684.0,2,683.0,28,685.0,76,2,2357,2025-06-13
2025-06-13 11:52:08.176637,684.0,1,683.0,26,685.0,76,2,2357,2025-06-13
2025-06-13 11:52:10.990349,683.0,1,683.0,27,685.0,76,2,2357,2025-06-13
2025-06-13 11:52:15.401959,683.0,1,683.0,26,685.0,76,2,2357,2025-06-13
2025-06-13 11:52:21.226034,685.0,2,683.0,26,685.0,80,1,2357,2025-06-13
2025-06-13 11:52:27.214091,685.0,1,683.0,26,685.0,80,1,2357,2025-06-13
2025-06-13 11:52:52.098513,685.0,2,683.0,26,685.0,79,1,2357,2025-06-13
2025-06-13 11:53:19.995738,685.0,1,683.0,27,685.0,83,1,2357,2025-06-13
2025-06-13 11:53:26.931871,685.0,2,683.0,27,685.0,81,1,2357,2025-06-13
2025-06-13 11:53:43.768655,683.0,1,683.0,26,685.0,80,2,2357,2025-06-13
2025-06-13 11:54:32.682886,684.0,2,683.0,31,684.0,9,1,2357,2025-06-13
2025-06-13 11:55:00.092576,684.0,1,683.0,31,684.0,8,1,2357,2025-06-13
2025-06-13 11:55:04.033205,684.0,2,683.0,33,684.0,7,1,2357,2025-06-13
2025-06-13 11:55:04.901484,684.0,1,683.0,33,684.0,7,1,2357,2025-06-13
2025-06-13 11:55:12.886451,683.0,1,683.0,31,684.0,8,2,2357,2025-06-13
2025-06-13 11:55:28.354984,684.0,1,683.0,33,684.0,12,1,2357,2025-06-13
2025-06-13 11:55:38.373461,684.0,2,683.0,33,684.0,10,1,2357,2025-06-13
2025-06-13 11:55:41.456125,684.0,2,683.0,34,684.0,8,1,2357,2025-06-13
2025-06-13 11:55:49.786517,684.0,1,683.0,35,684.0,9,1,2357,2025-06-13
2025-06-13 11:56:01.087653,684.0,2,683.0,35,684.0,7,1,2357,2025-06-13
2025-06-13 11:56:20.229067,684.0,1,683.0,36,684.0,7,1,2357,2025-06-13
2025-06-13 11:56:23.564668,684.0,1,683.0,36,684.0,6,1,2357,2025-06-13
2025-06-13 11:56:23.934841,684.0,2,683.0,36,684.0,4,1,2357,2025-06-13
2025-06-13 11:56:27.997441,684.0,1,683.0,36,684.0,4,1,2357,2025-06-13
2025-06-13 11:56:31.739769,684.0,1,683.0,36,684.0,3,1,2357,2025-06-13
2025-06-13 11:56:31.878764,684.0,1,683.0,36,684.0,2,1,2357,2025-06-13
2025-06-13 11:56:43.216749,684.0,1,683.0,36,684.0,3,1,2357,2025-06-13
2025-06-13 11:56:45.090672,684.0,2,683.0,36,684.0,1,1,2357,2025-06-13
2025-06-13 11:57:02.255453,684.0,1,683.0,37,684.0,1,1,2357,2025-06-13
2025-06-13 11:57:07.234953,684.0,1,684.0,1,685.0,57,1,2357,2025-06-13
2025-06-13 11:57:07.368420,684.0,1,684.0,3,685.0,61,2,2357,2025-06-13
2025-06-13 11:57:10.812320,684.0,8,684.0,3,685.0,58,2,2357,2025-06-13
2025-06-13 11:57:10.850041,684.0,3,683.0,29,685.0,59,2,2357,2025-06-13
2025-06-13 11:57:32.405610,684.0,1,684.0,1,685.0,69,2,2357,2025-06-13
2025-06-13 11:57:32.437006,684.0,1,683.0,27,685.0,69,2,2357,2025-06-13
2025-06-13 11:57:37.823834,684.0,1,684.0,1,685.0,70,2,2357,2025-06-13
2025-06-13 11:57:37.854032,684.0,1,683.0,27,685.0,70,2,2357,2025-06-13
2025-06-13 11:57:50.787962,685.0,2,683.0,27,685.0,69,1,2357,2025-06-13
2025-06-13 11:57:51.031155,684.0,2,683.0,27,685.0,66,2,2357,2025-06-13
2025-06-13 11:58:06.153544,684.0,1,684.0,4,685.0,68,2,2357,2025-06-13
2025-06-13 11:58:06.182279,684.0,4,683.0,29,685.0,68,2,2357,2025-06-13
2025-06-13 11:58:17.061071,684.0,1,683.0,29,685.0,74,2,2357,2025-06-13
2025-06-13 11:58:17.146193,684.0,1,683.0,29,685.0,76,2,2357,2025-06-13
2025-06-13 11:58:29.490558,685.0,1,684.0,1,685.0,77,1,2357,2025-06-13
2025-06-13 11:58:56.524138,685.0,2,684.0,4,685.0,72,1,2357,2025-06-13
2025-06-13 11:59:10.066209,685.0,2,684.0,7,685.0,70,1,2357,2025-06-13
2025-06-13 11:59:25.269216,684.0,1,684.0,13,685.0,68,2,2357,2025-06-13
2025-06-13 11:59:30.730262,685.0,1,684.0,15,685.0,67,1,2357,2025-06-13
2025-06-13 11:59:34.998651,685.0,1,684.0,18,685.0,65,1,2357,2025-06-13
2025-06-13 11:59:35.191970,684.0,2,684.0,16,685.0,65,2,2357,2025-06-13
2025-06-13 12:00:02.211543,685.0,2,684.0,21,685.0,62,1,2357,2025-06-13
2025-06-13 12:00:02.290810,684.0,1,684.0,20,685.0,62,2,2357,2025-06-13
2025-06-13 12:01:08.250691,684.0,3,684.0,20,685.0,74,2,2357,2025-06-13
2025-06-13 12:01:08.250805,684.0,4,684.0,23,685.0,74,2,2357,2025-06-13
2025-06-13 12:01:08.272026,684.0,16,683.0,24,685.0,77,2,2357,2025-06-13
2025-06-13 12:01:08.340684,683.0,1,683.0,23,684.0,3,2,2357,2025-06-13
2025-06-13 12:01:08.972424,684.0,2,683.0,23,684.0,5,1,2357,2025-06-13
2025-06-13 12:01:09.241826,683.0,1,683.0,20,684.0,7,2,2357,2025-06-13
2025-06-13 12:01:30.483580,684.0,2,683.0,20,684.0,12,1,2357,2025-06-13
2025-06-13 12:01:30.605141,684.0,1,683.0,20,684.0,12,1,2357,2025-06-13
2025-06-13 12:01:32.378075,683.0,1,683.0,19,684.0,12,2,2357,2025-06-13
2025-06-13 12:02:14.668200,684.0,2,683.0,19,684.0,22,1,2357,2025-06-13
2025-06-13 12:02:19.060944,684.0,2,683.0,21,684.0,21,1,2357,2025-06-13
2025-06-13 12:02:43.000447,684.0,1,683.0,23,684.0,20,1,2357,2025-06-13
2025-06-13 12:02:53.005484,683.0,23,682.0,18,684.0,44,2,2357,2025-06-13
2025-06-13 12:02:53.105471,682.0,1,682.0,17,683.0,5,2,2357,2025-06-13
2025-06-13 12:02:54.050420,682.0,1,682.0,13,683.0,3,2,2357,2025-06-13
2025-06-13 12:02:57.814876,683.0,1,682.0,13,683.0,2,1,2357,2025-06-13
2025-06-13 12:03:20.448881,683.0,2,682.0,14,683.0,10,1,2357,2025-06-13
2025-06-13 12:03:27.324771,682.0,2,682.0,13,683.0,13,2,2357,2025-06-13
2025-06-13 12:03:30.501837,683.0,2,682.0,13,683.0,11,1,2357,2025-06-13
2025-06-13 12:03:32.976526,683.0,1,682.0,12,683.0,10,1,2357,2025-06-13
2025-06-13 12:03:36.085087,682.0,1,682.0,11,683.0,26,2,2357,2025-06-13
2025-06-13 12:03:40.413463,682.0,1,682.0,10,683.0,26,2,2357,2025-06-13
2025-06-13 12:04:07.523992,682.0,1,682.0,12,683.0,30,2,2357,2025-06-13
2025-06-13 12:04:26.134677,683.0,2,682.0,12,683.0,28,1,2357,2025-06-13
2025-06-13 12:04:31.741283,683.0,1,682.0,12,683.0,27,1,2357,2025-06-13
2025-06-13 12:05:28.085503,683.0,2,682.0,14,683.0,25,1,2357,2025-06-13
2025-06-13 12:05:32.832784,683.0,2,682.0,14,683.0,23,1,2357,2025-06-13
2025-06-13 12:05:35.716893,682.0,1,682.0,13,683.0,26,2,2357,2025-06-13
2025-06-13 12:05:49.185884,682.0,1,682.0,15,683.0,29,2,2357,2025-06-13
2025-06-13 12:05:50.002843,683.0,1,682.0,15,683.0,28,1,2357,2025-06-13
2025-06-13 12:06:38.564189,683.0,2,682.0,16,683.0,29,1,2357,2025-06-13
2025-06-13 12:07:02.061097,683.0,1,682.0,16,683.0,31,1,2357,2025-06-13
2025-06-13 12:07:06.143783,682.0,1,682.0,19,683.0,31,2,2357,2025-06-13
2025-06-13 12:07:32.873879,683.0,1,682.0,23,683.0,32,1,2357,2025-06-13
2025-06-13 12:07:44.249244,683.0,2,682.0,24,683.0,19,1,2357,2025-06-13
2025-06-13 12:07:52.254928,683.0,1,682.0,24,683.0,18,1,2357,2025-06-13
2025-06-13 12:07:54.712673,683.0,1,682.0,24,683.0,21,1,2357,2025-06-13
2025-06-13 12:08:34.193311,682.0,1,682.0,26,683.0,24,2,2357,2025-06-13
2025-06-13 12:08:49.954376,683.0,2,682.0,28,683.0,23,1,2357,2025-06-13
2025-06-13 12:08:53.366921,683.0,1,682.0,28,683.0,22,1,2357,2025-06-13
2025-06-13 12:08:58.006266,683.0,1,682.0,28,683.0,21,1,2357,2025-06-13
2025-06-13 12:09:56.669563,683.0,2,682.0,30,683.0,24,1,2357,2025-06-13
2025-06-13 12:10:02.594145,682.0,1,682.0,29,683.0,22,2,2357,2025-06-13
2025-06-13 12:10:04.227113,683.0,2,682.0,29,683.0,20,1,2357,2025-06-13
2025-06-13 12:10:11.061664,683.0,2,682.0,29,683.0,18,1,2357,2025-06-13
2025-06-13 12:10:34.005420,683.0,1,682.0,30,683.0,17,1,2357,2025-06-13
2025-06-13 12:11:02.372759,683.0,2,682.0,34,683.0,16,1,2357,2025-06-13
2025-06-13 12:11:18.925837,683.0,2,682.0,33,683.0,15,1,2357,2025-06-13
2025-06-13 12:11:32.316926,682.0,1,682.0,31,683.0,15,2,2357,2025-06-13
2025-06-13 12:12:06.007789,683.0,1,682.0,34,683.0,14,1,2357,2025-06-13
2025-06-13 12:12:08.045712,683.0,2,682.0,34,683.0,12,1,2357,2025-06-13
2025-06-13 12:12:08.106118,683.0,1,682.0,34,683.0,12,1,2357,2025-06-13
2025-06-13 12:12:08.212614,683.0,4,682.0,34,683.0,7,1,2357,2025-06-13
2025-06-13 12:12:13.733119,683.0,2,682.0,32,683.0,5,1,2357,2025-06-13
2025-06-13 12:12:29.527776,683.0,1,682.0,32,683.0,4,1,2357,2025-06-13
2025-06-13 12:12:39.626672,683.0,1,682.0,32,683.0,4,1,2357,2025-06-13
2025-06-13 12:12:43.648978,683.0,1,682.0,33,683.0,3,1,2357,2025-06-13
2025-06-13 12:13:00.701134,682.0,1,682.0,33,683.0,5,2,2357,2025-06-13
2025-06-13 12:13:14.780410,683.0,2,682.0,33,683.0,4,1,2357,2025-06-13
2025-06-13 12:13:20.110553,683.0,1,682.0,33,683.0,3,1,2357,2025-06-13
2025-06-13 12:13:26.481803,682.0,1,682.0,32,683.0,3,2,2357,2025-06-13
2025-06-13 12:13:35.140542,683.0,1,682.0,32,683.0,2,1,2357,2025-06-13
2025-06-13 12:14:20.554786,683.0,2,682.0,31,684.0,22,1,2357,2025-06-13
2025-06-13 12:14:30.771329,682.0,1,682.0,34,684.0,23,2,2357,2025-06-13
2025-06-13 12:14:48.927198,684.0,1,682.0,36,684.0,22,1,2357,2025-06-13
2025-06-13 12:14:55.064060,684.0,2,682.0,36,684.0,20,1,2357,2025-06-13
2025-06-13 12:15:13.001568,684.0,1,682.0,36,684.0,20,1,2357,2025-06-13
2025-06-13 12:15:15.026501,684.0,2,682.0,36,684.0,19,1,2357,2025-06-13
2025-06-13 12:15:26.212054,684.0,2,682.0,38,684.0,17,1,2357,2025-06-13
2025-06-13 12:15:58.963017,682.0,1,682.0,40,684.0,10,2,2357,2025-06-13
2025-06-13 12:16:17.717278,684.0,1,683.0,26,684.0,8,1,2357,2025-06-13
2025-06-13 12:16:17.785193,684.0,3,683.0,26,684.0,5,1,2357,2025-06-13
2025-06-13 12:16:29.085362,684.0,2,683.0,28,684.0,2,1,2357,2025-06-13
2025-06-13 12:16:31.806256,684.0,2,683.0,28,685.0,68,1,2357,2025-06-13
2025-06-13 12:16:36.271021,685.0,1,683.0,28,685.0,74,1,2357,2025-06-13
2025-06-13 12:16:49.907032,685.0,2,683.0,29,685.0,72,1,2357,2025-06-13
2025-06-13 12:17:05.431377,684.0,1,683.0,33,684.0,6,1,2357,2025-06-13
2025-06-13 12:17:34.803708,684.0,1,683.0,38,684.0,7,1,2357,2025-06-13
2025-06-13 12:17:38.588791,684.0,2,683.0,38,684.0,5,1,2357,2025-06-13
2025-06-13 12:17:40.534756,684.0,3,683.0,38,684.0,2,1,2357,2025-06-13
2025-06-13 12:17:50.427714,684.0,2,683.0,38,685.0,71,1,2357,2025-06-13
2025-06-13 12:18:04.088360,684.0,1,683.0,38,685.0,73,2,2357,2025-06-13
2025-06-13 12:18:04.172003,684.0,3,683.0,35,685.0,74,2,2357,2025-06-13
2025-06-13 12:18:04.202893,684.0,1,683.0,34,684.0,1,1,2357,2025-06-13
2025-06-13 12:18:04.221829,684.0,1,683.0,32,685.0,75,1,2357,2025-06-13
2025-06-13 12:18:04.240885,683.0,2,683.0,30,685.0,75,2,2357,2025-06-13
2025-06-13 12:18:20.999793,685.0,1,683.0,35,685.0,69,1,2357,2025-06-13
2025-06-13 12:18:33.249077,685.0,2,683.0,35,685.0,71,1,2357,2025-06-13
2025-06-13 12:18:44.247161,685.0,2,683.0,35,685.0,70,1,2357,2025-06-13
2025-06-13 12:19:00.773185,683.0,1,683.0,34,685.0,71,2,2357,2025-06-13
2025-06-13 12:19:17.883113,685.0,2,683.0,34,685.0,76,1,2357,2025-06-13
2025-06-13 12:19:37.397892,685.0,1,683.0,34,685.0,74,1,2357,2025-06-13
2025-06-13 12:19:38.082728,685.0,2,683.0,34,685.0,72,1,2357,2025-06-13
2025-06-13 12:19:45.625995,685.0,1,683.0,34,685.0,71,1,2357,2025-06-13
2025-06-13 12:19:49.903606,685.0,2,683.0,34,685.0,69,1,2357,2025-06-13
2025-06-13 12:20:04.399287,685.0,2,683.0,36,685.0,66,1,2357,2025-06-13
2025-06-13 12:20:14.136461,685.0,1,683.0,36,685.0,60,1,2357,2025-06-13
2025-06-13 12:20:25.854487,684.0,2,683.0,36,685.0,62,2,2357,2025-06-13
2025-06-13 12:20:29.109114,685.0,2,683.0,36,685.0,63,1,2357,2025-06-13
2025-06-13 12:20:44.479523,684.0,1,683.0,37,684.0,1,1,2357,2025-06-13
2025-06-13 12:20:54.966741,684.0,1,683.0,37,684.0,5,1,2357,2025-06-13
2025-06-13 12:20:55.653977,684.0,2,683.0,37,684.0,3,1,2357,2025-06-13
2025-06-13 12:21:12.830997,684.0,2,683.0,38,684.0,3,1,2357,2025-06-13
2025-06-13 12:21:13.072800,684.0,2,683.0,38,684.0,1,1,2357,2025-06-13
2025-06-13 12:21:27.999122,684.0,1,683.0,37,684.0,17,1,2357,2025-06-13
2025-06-13 12:21:46.276018,684.0,2,683.0,37,684.0,20,1,2357,2025-06-13
2025-06-13 12:22:02.421867,684.0,2,683.0,38,684.0,20,1,2357,2025-06-13
2025-06-13 12:22:10.780718,684.0,1,683.0,38,684.0,11,1,2357,2025-06-13
2025-06-13 12:22:24.994692,684.0,1,683.0,37,684.0,12,1,2357,2025-06-13
2025-06-13 12:22:33.564205,684.0,4,683.0,38,684.0,8,1,2357,2025-06-13
2025-06-13 12:22:38.525989,684.0,1,683.0,40,684.0,7,1,2357,2025-06-13
2025-06-13 12:22:40.490030,684.0,4,683.0,40,684.0,3,1,2357,2025-06-13
2025-06-13 12:22:45.885089,684.0,1,683.0,40,684.0,2,1,2357,2025-06-13
2025-06-13 12:22:47.063221,684.0,2,683.0,40,685.0,54,1,2357,2025-06-13
2025-06-13 12:23:01.262201,684.0,2,684.0,2,685.0,56,2,2357,2025-06-13
2025-06-13 12:23:01.361802,684.0,2,684.0,1,685.0,57,2,2357,2025-06-13
2025-06-13 12:23:08.171142,685.0,2,684.0,23,685.0,47,1,2357,2025-06-13
2025-06-13 12:23:09.232337,685.0,1,684.0,23,685.0,46,1,2357,2025-06-13
2025-06-13 12:23:36.748090,685.0,2,684.0,24,685.0,45,1,2357,2025-06-13
2025-06-13 12:23:47.007850,685.0,1,684.0,26,685.0,45,1,2357,2025-06-13
2025-06-13 12:24:13.890994,685.0,2,684.0,27,685.0,43,1,2357,2025-06-13
2025-06-13 12:24:22.063506,685.0,1,684.0,27,685.0,42,1,2357,2025-06-13
2025-06-13 12:24:35.224329,685.0,1,684.0,27,685.0,40,1,2357,2025-06-13
2025-06-13 12:24:35.997547,685.0,1,684.0,28,685.0,39,1,2357,2025-06-13
2025-06-13 12:24:40.718355,685.0,1,684.0,29,685.0,39,1,2357,2025-06-13
2025-06-13 12:25:04.434860,685.0,2,684.0,32,685.0,45,1,2357,2025-06-13
2025-06-13 12:25:19.657820,685.0,2,684.0,32,685.0,39,1,2357,2025-06-13
2025-06-13 12:25:35.251622,685.0,1,684.0,33,685.0,38,1,2357,2025-06-13
2025-06-13 12:25:39.645768,685.0,1,684.0,33,685.0,37,1,2357,2025-06-13
2025-06-13 12:25:56.092057,685.0,2,684.0,34,685.0,36,1,2357,2025-06-13
2025-06-13 12:25:56.427684,685.0,1,684.0,34,685.0,35,1,2357,2025-06-13
2025-06-13 12:26:23.152424,685.0,1,684.0,36,685.0,35,1,2357,2025-06-13
2025-06-13 12:26:26.376772,685.0,2,684.0,36,685.0,33,1,2357,2025-06-13
2025-06-13 12:26:40.033043,685.0,1,684.0,36,685.0,32,1,2357,2025-06-13
2025-06-13 12:26:48.931189,685.0,1,684.0,36,685.0,31,1,2357,2025-06-13
2025-06-13 12:27:03.703224,684.0,7,684.0,30,685.0,35,2,2357,2025-06-13
2025-06-13 12:27:10.447496,685.0,1,684.0,32,685.0,39,1,2357,2025-06-13
2025-06-13 12:27:31.053399,685.0,2,684.0,33,685.0,37,1,2357,2025-06-13
2025-06-13 12:27:32.065848,685.0,2,684.0,33,685.0,35,1,2357,2025-06-13
2025-06-13 12:27:32.294699,685.0,1,684.0,33,685.0,34,1,2357,2025-06-13
2025-06-13 12:27:42.687538,685.0,1,684.0,33,685.0,33,1,2357,2025-06-13
2025-06-13 12:27:43.998194,685.0,1,684.0,33,685.0,32,1,2357,2025-06-13
2025-06-13 12:27:50.866821,684.0,1,684.0,34,685.0,32,2,2357,2025-06-13
2025-06-13 12:27:57.800176,685.0,1,684.0,36,685.0,32,1,2357,2025-06-13
2025-06-13 12:28:22.450906,685.0,1,684.0,38,685.0,32,1,2357,2025-06-13
2025-06-13 12:28:37.800253,685.0,2,684.0,39,685.0,31,1,2357,2025-06-13
2025-06-13 12:28:40.798939,685.0,1,684.0,39,685.0,30,1,2357,2025-06-13
2025-06-13 12:28:46.690247,685.0,1,684.0,39,685.0,29,1,2357,2025-06-13
2025-06-13 12:29:05.060912,685.0,2,684.0,38,685.0,28,1,2357,2025-06-13
2025-06-13 12:29:18.084355,685.0,1,684.0,38,685.0,27,1,2357,2025-06-13
2025-06-13 12:29:21.318057,684.0,1,684.0,37,685.0,27,2,2357,2025-06-13
2025-06-13 12:29:43.519475,685.0,2,684.0,36,685.0,26,1,2357,2025-06-13
2025-06-13 12:29:52.878876,685.0,1,684.0,37,685.0,25,1,2357,2025-06-13
2025-06-13 12:30:21.105758,684.0,36,683.0,22,685.0,29,2,2357,2025-06-13
2025-06-13 12:30:21.140113,683.0,4,683.0,17,684.0,5,2,2357,2025-06-13
2025-06-13 12:30:21.769343,684.0,1,683.0,17,684.0,7,1,2357,2025-06-13
2025-06-13 12:30:40.065299,684.0,1,683.0,18,684.0,9,1,2357,2025-06-13
2025-06-13 12:30:49.471724,683.0,1,683.0,19,684.0,13,2,2357,2025-06-13
2025-06-13 12:30:50.196250,684.0,2,683.0,19,684.0,12,1,2357,2025-06-13
2025-06-13 12:30:50.997770,684.0,1,683.0,19,684.0,11,1,2357,2025-06-13
2025-06-13 12:31:41.929418,684.0,1,683.0,21,684.0,29,1,2357,2025-06-13
2025-06-13 12:31:55.836732,684.0,2,683.0,21,684.0,28,1,2357,2025-06-13
2025-06-13 12:32:14.064761,684.0,2,683.0,21,684.0,26,1,2357,2025-06-13
2025-06-13 12:32:17.645733,683.0,1,683.0,20,684.0,26,2,2357,2025-06-13
2025-06-13 12:32:35.591434,684.0,1,683.0,20,684.0,25,1,2357,2025-06-13
2025-06-13 12:33:01.590600,684.0,2,683.0,20,684.0,26,1,2357,2025-06-13
2025-06-13 12:33:03.721466,684.0,1,683.0,20,684.0,25,1,2357,2025-06-13
2025-06-13 12:33:40.832935,683.0,1,683.0,22,684.0,27,2,2357,2025-06-13
2025-06-13 12:33:48.520325,683.0,1,683.0,21,684.0,27,2,2357,2025-06-13
2025-06-13 12:33:58.998884,684.0,1,683.0,23,684.0,27,1,2357,2025-06-13
2025-06-13 12:34:08.256060,684.0,2,683.0,26,684.0,25,1,2357,2025-06-13
2025-06-13 12:34:43.067572,684.0,1,683.0,27,684.0,25,1,2357,2025-06-13
2025-06-13 12:34:50.479070,684.0,12,683.0,27,684.0,12,1,2357,2025-06-13
2025-06-13 12:34:51.654417,684.0,1,683.0,26,684.0,20,1,2357,2025-06-13
2025-06-13 12:35:01.649740,683.0,1,683.0,25,684.0,21,2,2357,2025-06-13
2025-06-13 12:35:14.053592,684.0,2,683.0,25,684.0,21,1,2357,2025-06-13
2025-06-13 12:35:15.822998,683.0,1,683.0,24,684.0,21,2,2357,2025-06-13
2025-06-13 12:35:58.226798,684.0,2,683.0,29,684.0,32,1,2357,2025-06-13
2025-06-13 12:36:14.041145,684.0,2,683.0,33,684.0,31,1,2357,2025-06-13
2025-06-13 12:36:19.742996,684.0,2,683.0,33,684.0,27,1,2357,2025-06-13
2025-06-13 12:36:31.068824,683.0,1,683.0,32,684.0,27,2,2357,2025-06-13
2025-06-13 12:36:45.232275,683.0,1,683.0,34,684.0,29,2,2357,2025-06-13
2025-06-13 12:37:06.001572,684.0,1,683.0,36,684.0,31,1,2357,2025-06-13
2025-06-13 12:37:17.552231,684.0,1,683.0,35,684.0,30,1,2357,2025-06-13
2025-06-13 12:37:24.148133,683.0,1,683.0,35,684.0,30,2,2357,2025-06-13
2025-06-13 12:37:25.505889,684.0,2,683.0,35,684.0,28,1,2357,2025-06-13
2025-06-13 12:37:44.193773,684.0,1,683.0,35,684.0,27,1,2357,2025-06-13
2025-06-13 12:38:14.636826,683.0,1,683.0,35,684.0,27,2,2357,2025-06-13
2025-06-13 12:38:31.143022,684.0,1,683.0,35,684.0,26,1,2357,2025-06-13
2025-06-13 12:38:31.161955,684.0,2,683.0,35,684.0,24,1,2357,2025-06-13
2025-06-13 12:38:32.079611,684.0,2,683.0,35,684.0,22,1,2357,2025-06-13
2025-06-13 12:38:33.631536,684.0,1,683.0,35,684.0,21,1,2357,2025-06-13
2025-06-13 12:39:00.916501,684.0,1,683.0,38,684.0,20,1,2357,2025-06-13
2025-06-13 12:39:10.504653,683.0,3,683.0,35,684.0,20,2,2357,2025-06-13
2025-06-13 12:39:37.861706,684.0,2,683.0,35,684.0,18,1,2357,2025-06-13
2025-06-13 12:39:43.263505,683.0,1,683.0,36,684.0,18,2,2357,2025-06-13
2025-06-13 12:40:14.005633,684.0,1,683.0,38,684.0,20,1,2357,2025-06-13
2025-06-13 12:40:40.038362,684.0,1,683.0,40,684.0,19,1,2357,2025-06-13
2025-06-13 12:40:43.565211,684.0,2,683.0,40,684.0,17,1,2357,2025-06-13
2025-06-13 12:40:45.330786,684.0,1,683.0,40,684.0,16,1,2357,2025-06-13
2025-06-13 12:41:09.027919,684.0,1,683.0,44,684.0,21,1,2357,2025-06-13
2025-06-13 12:41:13.686945,683.0,1,683.0,43,684.0,21,2,2357,2025-06-13
2025-06-13 12:41:13.762467,684.0,1,683.0,43,684.0,20,1,2357,2025-06-13
2025-06-13 12:41:27.723567,684.0,1,683.0,46,684.0,19,1,2357,2025-06-13
2025-06-13 12:41:41.055496,684.0,1,683.0,46,684.0,19,1,2357,2025-06-13
2025-06-13 12:41:49.263277,684.0,2,683.0,47,684.0,17,1,2357,2025-06-13
2025-06-13 12:41:55.790609,683.0,1,683.0,46,684.0,18,2,2357,2025-06-13
2025-06-13 12:42:03.217647,683.0,1,683.0,48,684.0,18,2,2357,2025-06-13
2025-06-13 12:42:09.697989,683.0,1,683.0,47,684.0,18,2,2357,2025-06-13
2025-06-13 12:42:41.211148,683.0,1,683.0,47,684.0,18,2,2357,2025-06-13
2025-06-13 12:42:52.710781,683.0,1,683.0,46,684.0,19,2,2357,2025-06-13
2025-06-13 12:42:56.006919,684.0,2,683.0,47,684.0,17,1,2357,2025-06-13
2025-06-13 12:43:16.068839,684.0,2,683.0,46,684.0,17,1,2357,2025-06-13
2025-06-13 12:43:19.245708,684.0,1,683.0,46,684.0,16,1,2357,2025-06-13
2025-06-13 12:43:22.009317,684.0,1,683.0,46,684.0,15,1,2357,2025-06-13
2025-06-13 12:43:22.919975,684.0,3,683.0,46,684.0,12,1,2357,2025-06-13
2025-06-13 12:43:46.454604,684.0,1,683.0,48,684.0,12,1,2357,2025-06-13
2025-06-13 12:43:54.944988,683.0,1,683.0,45,684.0,12,2,2357,2025-06-13
2025-06-13 12:44:01.720597,684.0,2,683.0,48,684.0,10,1,2357,2025-06-13
2025-06-13 12:44:09.823213,683.0,1,683.0,52,684.0,10,2,2357,2025-06-13
2025-06-13 12:44:14.944138,684.0,2,683.0,50,684.0,8,1,2357,2025-06-13
2025-06-13 12:44:14.994557,684.0,2,683.0,48,684.0,6,1,2357,2025-06-13
2025-06-13 12:44:15.025410,684.0,3,683.0,48,684.0,3,1,2357,2025-06-13
2025-06-13 12:44:26.703268,684.0,1,683.0,48,684.0,6,1,2357,2025-06-13
2025-06-13 12:44:50.063593,684.0,2,683.0,50,684.0,6,1,2357,2025-06-13
2025-06-13 12:45:04.590916,684.0,3,683.0,47,684.0,3,1,2357,2025-06-13
2025-06-13 12:45:05.013196,684.0,1,683.0,47,684.0,2,1,2357,2025-06-13
2025-06-13 12:45:07.502782,684.0,2,683.0,47,685.0,52,1,2357,2025-06-13
2025-06-13 12:45:07.690843,684.0,2,684.0,1,685.0,48,2,2357,2025-06-13
2025-06-13 12:45:07.721601,684.0,1,683.0,47,685.0,48,2,2357,2025-06-13
2025-06-13 12:45:07.767372,684.0,1,684.0,1,685.0,48,2,2357,2025-06-13
2025-06-13 12:45:07.787098,684.0,1,684.0,1,685.0,48,2,2357,2025-06-13
2025-06-13 12:45:19.665597,684.0,2,684.0,31,685.0,51,2,2357,2025-06-13
2025-06-13 12:45:19.696297,684.0,31,683.0,32,685.0,51,2,2357,2025-06-13
2025-06-13 12:46:13.284971,684.0,2,683.0,28,684.0,4,1,2357,2025-06-13
2025-06-13 12:46:25.061641,684.0,2,683.0,32,684.0,3,1,2357,2025-06-13
2025-06-13 12:46:29.009201,684.0,1,683.0,32,684.0,2,1,2357,2025-06-13
2025-06-13 12:46:47.589629,684.0,1,683.0,32,684.0,2,1,2357,2025-06-13
2025-06-13 12:47:18.957867,684.0,2,683.0,32,685.0,56,1,2357,2025-06-13
2025-06-13 12:47:59.103712,684.0,1,683.0,35,685.0,57,2,2357,2025-06-13
2025-06-13 12:47:59.164872,684.0,1,683.0,34,685.0,59,2,2357,2025-06-13
2025-06-13 12:48:25.751793,685.0,2,683.0,37,685.0,57,1,2357,2025-06-13
2025-06-13 12:48:31.125215,685.0,2,683.0,37,685.0,55,1,2357,2025-06-13
2025-06-13 12:49:00.845175,684.0,2,683.0,41,684.0,13,1,2357,2025-06-13
2025-06-13 12:49:07.431071,684.0,2,683.0,41,684.0,12,1,2357,2025-06-13
2025-06-13 12:49:31.486919,684.0,2,683.0,41,684.0,10,1,2357,2025-06-13
2025-06-13 12:49:34.087632,684.0,2,683.0,41,684.0,10,1,2357,2025-06-13
2025-06-13 12:49:37.002263,684.0,1,683.0,41,684.0,10,1,2357,2025-06-13
2025-06-13 12:49:38.469697,684.0,4,683.0,41,684.0,6,1,2357,2025-06-13
2025-06-13 12:49:39.718756,683.0,1,683.0,43,684.0,6,2,2357,2025-06-13
2025-06-13 12:49:48.714859,684.0,1,683.0,44,684.0,5,1,2357,2025-06-13
2025-06-13 12:49:50.728424,684.0,1,683.0,44,684.0,4,1,2357,2025-06-13
2025-06-13 12:49:55.106916,684.0,2,683.0,44,684.0,2,1,2357,2025-06-13
2025-06-13 12:50:22.235514,684.0,1,683.0,44,684.0,1,1,2357,2025-06-13
2025-06-13 12:50:37.221730,684.0,2,683.0,44,684.0,3,1,2357,2025-06-13
2025-06-13 12:51:08.069707,684.0,2,683.0,44,685.0,60,1,2357,2025-06-13
2025-06-13 12:51:30.089313,685.0,1,683.0,44,685.0,59,1,2357,2025-06-13
2025-06-13 12:51:30.627775,685.0,1,683.0,44,685.0,58,1,2357,2025-06-13
2025-06-13 12:51:35.806346,685.0,1,683.0,44,685.0,58,1,2357,2025-06-13
2025-06-13 12:51:42.925126,685.0,2,683.0,46,685.0,56,1,2357,2025-06-13
2025-06-13 12:52:22.101263,684.0,2,683.0,48,685.0,70,2,2357,2025-06-13
2025-06-13 12:52:22.174523,684.0,4,683.0,43,685.0,70,2,2357,2025-06-13
2025-06-13 12:52:43.109575,684.0,2,683.0,43,685.0,74,2,2357,2025-06-13
2025-06-13 12:52:43.169582,684.0,1,683.0,43,684.0,2,1,2357,2025-06-13
2025-06-13 12:52:43.999176,684.0,1,683.0,44,685.0,73,1,2357,2025-06-13
2025-06-13 12:52:49.661942,685.0,2,683.0,44,685.0,68,1,2357,2025-06-13
2025-06-13 12:52:49.848862,685.0,1,683.0,44,685.0,67,1,2357,2025-06-13
2025-06-13 12:53:32.450081,685.0,1,683.0,45,685.0,68,1,2357,2025-06-13
2025-06-13 12:53:34.603023,684.0,4,683.0,45,685.0,68,2,2357,2025-06-13
2025-06-13 12:53:34.677214,684.0,2,683.0,41,685.0,68,2,2357,2025-06-13
2025-06-13 12:53:34.776079,684.0,1,683.0,41,685.0,68,2,2357,2025-06-13
2025-06-13 12:53:53.464206,685.0,1,683.0,41,685.0,68,1,2357,2025-06-13
2025-06-13 12:53:55.429095,685.0,2,683.0,41,685.0,69,1,2357,2025-06-13
2025-06-13 12:54:14.823495,685.0,1,683.0,44,685.0,67,1,2357,2025-06-13
2025-06-13 12:54:17.063622,685.0,1,683.0,44,685.0,66,1,2357,2025-06-13
2025-06-13 12:54:37.325814,684.0,1,683.0,44,684.0,9,1,2357,2025-06-13
2025-06-13 12:54:45.194449,684.0,2,683.0,44,684.0,10,1,2357,2025-06-13
2025-06-13 12:55:01.162863,684.0,2,683.0,44,684.0,12,1,2357,2025-06-13
2025-06-13 12:55:02.159056,684.0,1,683.0,44,684.0,12,1,2357,2025-06-13
2025-06-13 12:55:30.808961,684.0,1,683.0,45,684.0,12,1,2357,2025-06-13
2025-06-13 12:55:50.990978,684.0,1,683.0,45,684.0,18,1,2357,2025-06-13
2025-06-13 12:55:51.999464,684.0,1,683.0,45,684.0,17,1,2357,2025-06-13
2025-06-13 12:55:52.060272,684.0,2,683.0,45,684.0,15,1,2357,2025-06-13
2025-06-13 12:55:56.845228,684.0,1,683.0,44,684.0,16,1,2357,2025-06-13
2025-06-13 12:56:06.852598,684.0,2,683.0,45,684.0,15,1,2357,2025-06-13
2025-06-13 12:56:17.800557,684.0,1,683.0,45,684.0,16,1,2357,2025-06-13
2025-06-13 12:56:26.277924,683.0,1,683.0,44,684.0,17,2,2357,2025-06-13
2025-06-13 12:56:38.965138,684.0,1,683.0,46,684.0,20,1,2357,2025-06-13
2025-06-13 12:57:05.204534,684.0,1,683.0,49,684.0,19,1,2357,2025-06-13
2025-06-13 12:57:13.556541,684.0,2,683.0,49,684.0,17,1,2357,2025-06-13
2025-06-13 12:57:26.066477,684.0,2,683.0,49,684.0,16,1,2357,2025-06-13
2025-06-13 12:57:34.621223,684.0,2,683.0,49,684.0,14,1,2357,2025-06-13
2025-06-13 12:57:44.685308,684.0,1,683.0,49,684.0,14,1,2357,2025-06-13
2025-06-13 12:58:13.732108,684.0,1,683.0,49,684.0,15,1,2357,2025-06-13
2025-06-13 12:58:19.322839,684.0,2,683.0,49,684.0,14,1,2357,2025-06-13
2025-06-13 12:58:37.948144,684.0,1,683.0,49,684.0,15,1,2357,2025-06-13
2025-06-13 12:58:42.914586,683.0,1,683.0,48,684.0,15,2,2357,2025-06-13
2025-06-13 12:58:52.116903,684.0,1,683.0,49,684.0,14,1,2357,2025-06-13
2025-06-13 12:58:59.997507,684.0,1,683.0,49,684.0,14,1,2357,2025-06-13
2025-06-13 12:59:01.124005,684.0,2,683.0,49,684.0,13,1,2357,2025-06-13
2025-06-13 12:59:08.641169,683.0,1,683.0,48,684.0,13,2,2357,2025-06-13
2025-06-13 12:59:16.833232,684.0,2,683.0,48,684.0,11,1,2357,2025-06-13
2025-06-13 12:59:25.063222,684.0,2,683.0,48,684.0,9,1,2357,2025-06-13
2025-06-13 13:00:00.367775,684.0,1,683.0,55,684.0,10,1,2357,2025-06-13
2025-06-13 13:00:01.994911,684.0,1,683.0,56,684.0,10,1,2357,2025-06-13
2025-06-13 13:00:25.381544,684.0,2,683.0,57,684.0,10,1,2357,2025-06-13
2025-06-13 13:00:30.751914,684.0,2,683.0,58,684.0,8,1,2357,2025-06-13
2025-06-13 13:00:37.947872,684.0,1,683.0,57,684.0,11,1,2357,2025-06-13
2025-06-13 13:00:49.339522,683.0,1,683.0,56,684.0,12,2,2357,2025-06-13
2025-06-13 13:01:05.139865,683.0,1,683.0,55,684.0,13,2,2357,2025-06-13
2025-06-13 13:01:37.424848,684.0,2,683.0,57,684.0,13,1,2357,2025-06-13
2025-06-13 13:01:47.283932,684.0,2,683.0,57,684.0,12,1,2357,2025-06-13
2025-06-13 13:01:52.226608,684.0,2,683.0,57,684.0,11,1,2357,2025-06-13
2025-06-13 13:01:53.254489,684.0,1,683.0,57,684.0,10,1,2357,2025-06-13
2025-06-13 13:02:06.998361,684.0,1,683.0,58,684.0,20,1,2357,2025-06-13
2025-06-13 13:02:08.736056,684.0,1,683.0,58,684.0,19,1,2357,2025-06-13
2025-06-13 13:02:13.362155,684.0,1,683.0,58,684.0,18,1,2357,2025-06-13
2025-06-13 13:02:43.114791,684.0,2,683.0,58,684.0,16,1,2357,2025-06-13
2025-06-13 13:02:43.145178,684.0,2,683.0,58,684.0,12,1,2357,2025-06-13
2025-06-13 13:02:45.471531,683.0,2,683.0,57,684.0,13,2,2357,2025-06-13
2025-06-13 13:03:48.863438,684.0,2,683.0,62,684.0,15,1,2357,2025-06-13
2025-06-13 13:04:09.215990,684.0,2,683.0,61,684.0,19,1,2357,2025-06-13
2025-06-13 13:04:09.933220,683.0,1,683.0,60,684.0,24,2,2357,2025-06-13
2025-06-13 13:04:27.631394,684.0,1,683.0,60,684.0,28,1,2357,2025-06-13
2025-06-13 13:04:49.170726,684.0,1,683.0,61,684.0,27,1,2357,2025-06-13
2025-06-13 13:04:54.379093,684.0,1,683.0,61,684.0,29,1,2357,2025-06-13
2025-06-13 13:04:54.605242,684.0,2,683.0,61,684.0,27,1,2357,2025-06-13
2025-06-13 13:05:14.998673,684.0,1,683.0,63,684.0,27,1,2357,2025-06-13
2025-06-13 13:05:18.717288,684.0,1,683.0,62,684.0,30,1,2357,2025-06-13
2025-06-13 13:05:45.601513,683.0,2,683.0,58,684.0,43,2,2357,2025-06-13
2025-06-13 13:05:45.623836,683.0,3,683.0,60,684.0,44,2,2357,2025-06-13
2025-06-13 13:05:47.274281,684.0,2,683.0,60,684.0,44,1,2357,2025-06-13
2025-06-13 13:06:01.120524,683.0,25,683.0,35,684.0,44,2,2357,2025-06-13
2025-06-13 13:06:01.147773,683.0,5,683.0,30,684.0,45,2,2357,2025-06-13
2025-06-13 13:06:01.149189,683.0,3,683.0,27,684.0,45,2,2357,2025-06-13
2025-06-13 13:06:01.172263,683.0,7,683.0,18,684.0,45,2,2357,2025-06-13
2025-06-13 13:06:01.195590,684.0,1,683.0,18,684.0,45,1,2357,2025-06-13
2025-06-13 13:06:01.394637,684.0,2,683.0,25,684.0,41,1,2357,2025-06-13
2025-06-13 13:06:26.738572,683.0,1,683.0,34,684.0,45,2,2357,2025-06-13
2025-06-13 13:06:36.733881,684.0,1,683.0,34,684.0,47,1,2357,2025-06-13
2025-06-13 13:07:07.113487,684.0,2,683.0,37,684.0,46,1,2357,2025-06-13
2025-06-13 13:07:53.629078,683.0,1,683.0,37,684.0,49,2,2357,2025-06-13
2025-06-13 13:07:55.514409,684.0,1,683.0,37,684.0,48,1,2357,2025-06-13
2025-06-13 13:07:58.732710,683.0,1,683.0,36,684.0,48,2,2357,2025-06-13
2025-06-13 13:08:08.914138,684.0,1,683.0,36,684.0,48,1,2357,2025-06-13
2025-06-13 13:08:12.863814,684.0,2,683.0,36,684.0,49,1,2357,2025-06-13
2025-06-13 13:08:22.000474,684.0,1,683.0,38,684.0,49,1,2357,2025-06-13
2025-06-13 13:08:47.769764,684.0,1,683.0,38,684.0,54,1,2357,2025-06-13
2025-06-13 13:09:18.486748,684.0,2,683.0,38,684.0,58,1,2357,2025-06-13
2025-06-13 13:09:23.040296,683.0,1,683.0,37,684.0,61,2,2357,2025-06-13
2025-06-13 13:09:37.955810,683.0,1,683.0,36,684.0,62,2,2357,2025-06-13
