ts,close,volume,bid_price,bid_volume,ask_price,ask_volume,tick_type,code,date
2025-06-18 09:00:00.354446,696.0,90,696.0,5,698.0,1,2,2357,2025-06-18
2025-06-18 09:00:08.832051,699.0,1,696.0,17,699.0,4,1,2357,2025-06-18
2025-06-18 09:00:12.918483,699.0,1,696.0,21,699.0,3,1,2357,2025-06-18
2025-06-18 09:00:13.241690,698.0,3,697.0,12,699.0,3,1,2357,2025-06-18
2025-06-18 09:00:13.300953,699.0,2,698.0,1,700.0,80,1,2357,2025-06-18
2025-06-18 09:00:13.614069,700.0,12,699.0,8,700.0,69,1,2357,2025-06-18
2025-06-18 09:00:13.620933,700.0,32,699.0,8,700.0,37,1,2357,2025-06-18
2025-06-18 09:00:13.651846,700.0,17,699.0,8,700.0,20,1,2357,2025-06-18
2025-06-18 09:00:13.668504,700.0,1,699.0,9,700.0,19,1,2357,2025-06-18
2025-06-18 09:00:13.668535,700.0,2,699.0,9,700.0,17,1,2357,2025-06-18
2025-06-18 09:00:13.671468,700.0,9,699.0,9,700.0,20,1,2357,2025-06-18
2025-06-18 09:00:14.565938,700.0,9,699.0,13,702.0,6,1,2357,2025-06-18
2025-06-18 09:00:14.565938,701.0,3,699.0,13,702.0,6,1,2357,2025-06-18
2025-06-18 09:00:14.565938,702.0,3,699.0,13,702.0,6,1,2357,2025-06-18
2025-06-18 09:00:14.616490,702.0,4,700.0,4,703.0,3,1,2357,2025-06-18
2025-06-18 09:00:14.722980,701.0,1,701.0,3,703.0,4,2,2357,2025-06-18
2025-06-18 09:00:15.321641,703.0,4,701.0,3,704.0,9,1,2357,2025-06-18
2025-06-18 09:00:17.171261,701.0,1,701.0,11,704.0,10,2,2357,2025-06-18
2025-06-18 09:00:18.750590,702.0,1,702.0,2,703.0,1,2,2357,2025-06-18
2025-06-18 09:00:18.771418,702.0,2,701.0,6,704.0,11,2,2357,2025-06-18
2025-06-18 09:00:18.848734,701.0,6,700.0,9,703.0,10,2,2357,2025-06-18
2025-06-18 09:00:18.918610,701.0,1,701.0,2,702.0,9,2,2357,2025-06-18
2025-06-18 09:00:18.918711,701.0,2,700.0,5,702.0,9,2,2357,2025-06-18
2025-06-18 09:00:18.932593,700.0,2,700.0,3,702.0,8,2,2357,2025-06-18
2025-06-18 09:00:18.970572,701.0,1,700.0,3,702.0,9,1,2357,2025-06-18
2025-06-18 09:00:19.098322,701.0,1,700.0,6,702.0,1,2,2357,2025-06-18
2025-06-18 09:00:19.205091,702.0,1,701.0,1,703.0,6,2,2357,2025-06-18
2025-06-18 09:00:19.270696,702.0,1,702.0,1,703.0,6,2,2357,2025-06-18
2025-06-18 09:00:19.340463,702.0,1,702.0,2,703.0,5,2,2357,2025-06-18
2025-06-18 09:00:19.345592,702.0,2,701.0,2,703.0,5,2,2357,2025-06-18
2025-06-18 09:00:19.345592,701.0,1,701.0,2,703.0,5,2,2357,2025-06-18
2025-06-18 09:00:19.410137,702.0,1,702.0,1,703.0,6,2,2357,2025-06-18
2025-06-18 09:00:19.417716,703.0,1,702.0,1,703.0,6,1,2357,2025-06-18
2025-06-18 09:00:19.442576,702.0,1,701.0,3,703.0,5,2,2357,2025-06-18
2025-06-18 09:00:19.473310,702.0,1,701.0,3,703.0,5,2,2357,2025-06-18
2025-06-18 09:00:21.165514,703.0,1,702.0,3,704.0,10,2,2357,2025-06-18
2025-06-18 09:00:21.379913,703.0,1,702.0,3,704.0,11,2,2357,2025-06-18
2025-06-18 09:00:21.954781,703.0,3,702.0,3,704.0,9,2,2357,2025-06-18
2025-06-18 09:00:23.818019,702.0,3,701.0,4,704.0,11,2,2357,2025-06-18
2025-06-18 09:00:27.303750,701.0,3,701.0,2,703.0,2,2,2357,2025-06-18
2025-06-18 09:00:28.163852,703.0,1,701.0,4,703.0,2,1,2357,2025-06-18
2025-06-18 09:00:30.621074,701.0,3,701.0,2,703.0,2,2,2357,2025-06-18
2025-06-18 09:00:30.678073,701.0,2,700.0,11,703.0,2,2,2357,2025-06-18
2025-06-18 09:00:34.518941,702.0,2,702.0,1,703.0,4,2,2357,2025-06-18
2025-06-18 09:00:39.812552,703.0,1,702.0,4,703.0,3,1,2357,2025-06-18
2025-06-18 09:00:42.530848,703.0,3,702.0,5,704.0,10,1,2357,2025-06-18
2025-06-18 09:00:42.680709,703.0,1,703.0,2,704.0,10,2,2357,2025-06-18
2025-06-18 09:00:44.846840,704.0,3,703.0,4,704.0,7,1,2357,2025-06-18
2025-06-18 09:00:44.846850,704.0,1,703.0,4,704.0,6,1,2357,2025-06-18
2025-06-18 09:00:44.872906,704.0,2,703.0,4,704.0,4,1,2357,2025-06-18
2025-06-18 09:00:46.588389,703.0,1,703.0,5,704.0,5,2,2357,2025-06-18
2025-06-18 09:01:04.379122,704.0,1,703.0,11,704.0,6,1,2357,2025-06-18
2025-06-18 09:01:07.998192,703.0,1,703.0,14,704.0,6,2,2357,2025-06-18
2025-06-18 09:01:13.187763,703.0,1,703.0,13,704.0,6,2,2357,2025-06-18
2025-06-18 09:01:16.422358,703.0,12,702.0,10,703.0,1,2,2357,2025-06-18
2025-06-18 09:01:16.461111,703.0,1,702.0,8,704.0,8,1,2357,2025-06-18
2025-06-18 09:01:18.073589,703.0,1,703.0,4,704.0,7,1,2357,2025-06-18
2025-06-18 09:01:25.246878,704.0,1,703.0,9,704.0,5,1,2357,2025-06-18
2025-06-18 09:01:28.588943,703.0,1,703.0,8,704.0,7,2,2357,2025-06-18
2025-06-18 09:01:29.771798,704.0,5,703.0,8,704.0,2,1,2357,2025-06-18
2025-06-18 09:01:31.792073,704.0,1,703.0,8,704.0,1,1,2357,2025-06-18
2025-06-18 09:01:33.314369,704.0,1,703.0,8,705.0,14,1,2357,2025-06-18
2025-06-18 09:01:34.637123,705.0,5,704.0,1,705.0,9,1,2357,2025-06-18
2025-06-18 09:01:38.204173,704.0,1,704.0,3,705.0,10,2,2357,2025-06-18
2025-06-18 09:01:48.735141,705.0,1,704.0,6,705.0,12,1,2357,2025-06-18
2025-06-18 09:01:49.322236,704.0,1,704.0,5,705.0,12,2,2357,2025-06-18
2025-06-18 09:01:51.588283,704.0,1,704.0,5,705.0,18,2,2357,2025-06-18
2025-06-18 09:01:51.632860,704.0,5,703.0,7,705.0,18,2,2357,2025-06-18
2025-06-18 09:01:51.672024,704.0,1,703.0,7,704.0,6,1,2357,2025-06-18
2025-06-18 09:01:51.751786,703.0,2,703.0,7,704.0,5,2,2357,2025-06-18
2025-06-18 09:01:57.874788,704.0,1,703.0,8,704.0,7,1,2357,2025-06-18
2025-06-18 09:02:04.045343,704.0,1,703.0,10,704.0,9,1,2357,2025-06-18
2025-06-18 09:02:09.379755,704.0,2,703.0,10,704.0,7,1,2357,2025-06-18
2025-06-18 09:02:12.167695,704.0,1,703.0,10,704.0,8,1,2357,2025-06-18
2025-06-18 09:02:16.977380,704.0,1,703.0,10,704.0,7,1,2357,2025-06-18
2025-06-18 09:02:19.045598,704.0,1,703.0,10,704.0,8,1,2357,2025-06-18
2025-06-18 09:02:20.194242,704.0,2,703.0,10,704.0,8,1,2357,2025-06-18
2025-06-18 09:02:24.861486,703.0,1,703.0,9,704.0,11,2,2357,2025-06-18
2025-06-18 09:02:29.640994,704.0,1,703.0,9,704.0,11,1,2357,2025-06-18
2025-06-18 09:02:29.774643,704.0,1,703.0,9,704.0,10,1,2357,2025-06-18
2025-06-18 09:02:47.684344,703.0,1,703.0,13,704.0,10,2,2357,2025-06-18
2025-06-18 09:02:51.983822,703.0,1,703.0,11,704.0,10,2,2357,2025-06-18
2025-06-18 09:02:52.121125,704.0,1,703.0,11,704.0,9,1,2357,2025-06-18
2025-06-18 09:03:01.990213,703.0,1,703.0,10,704.0,10,2,2357,2025-06-18
2025-06-18 09:03:05.164470,703.0,4,703.0,6,704.0,10,2,2357,2025-06-18
2025-06-18 09:03:06.948832,703.0,1,703.0,12,704.0,10,2,2357,2025-06-18
2025-06-18 09:03:10.698261,703.0,1,703.0,11,704.0,13,2,2357,2025-06-18
2025-06-18 09:03:18.913998,703.0,1,703.0,10,704.0,14,2,2357,2025-06-18
2025-06-18 09:03:27.213207,703.0,1,703.0,10,704.0,16,2,2357,2025-06-18
2025-06-18 09:03:27.368610,704.0,1,703.0,10,704.0,15,1,2357,2025-06-18
2025-06-18 09:03:27.672493,703.0,1,703.0,9,704.0,15,2,2357,2025-06-18
2025-06-18 09:03:27.799528,703.0,1,703.0,8,704.0,15,2,2357,2025-06-18
2025-06-18 09:03:28.047751,703.0,1,703.0,7,704.0,15,2,2357,2025-06-18
2025-06-18 09:03:35.328481,703.0,1,703.0,7,704.0,15,2,2357,2025-06-18
2025-06-18 09:03:36.249851,703.0,1,703.0,7,704.0,15,2,2357,2025-06-18
2025-06-18 09:03:42.068126,703.0,1,703.0,10,704.0,18,2,2357,2025-06-18
2025-06-18 09:03:43.035486,704.0,1,703.0,10,704.0,17,1,2357,2025-06-18
2025-06-18 09:03:46.773506,704.0,1,703.0,9,704.0,16,1,2357,2025-06-18
2025-06-18 09:03:48.242546,703.0,1,703.0,8,704.0,16,2,2357,2025-06-18
2025-06-18 09:03:50.232010,703.0,1,703.0,9,704.0,16,2,2357,2025-06-18
2025-06-18 09:03:50.336587,704.0,1,703.0,10,704.0,15,1,2357,2025-06-18
2025-06-18 09:03:51.839188,703.0,1,703.0,9,704.0,16,2,2357,2025-06-18
2025-06-18 09:03:52.559854,703.0,1,703.0,8,704.0,16,2,2357,2025-06-18
2025-06-18 09:03:53.886583,703.0,1,703.0,8,704.0,16,2,2357,2025-06-18
2025-06-18 09:03:58.643278,704.0,1,703.0,8,704.0,15,1,2357,2025-06-18
2025-06-18 09:04:04.528109,704.0,1,703.0,9,704.0,14,1,2357,2025-06-18
2025-06-18 09:04:04.690920,704.0,1,703.0,12,704.0,13,1,2357,2025-06-18
2025-06-18 09:04:05.811441,704.0,1,703.0,14,704.0,12,1,2357,2025-06-18
2025-06-18 09:04:05.836296,704.0,12,703.0,14,705.0,30,1,2357,2025-06-18
2025-06-18 09:04:05.871317,705.0,2,704.0,17,705.0,27,1,2357,2025-06-18
2025-06-18 09:04:07.204483,705.0,6,704.0,23,705.0,21,1,2357,2025-06-18
2025-06-18 09:04:07.237105,705.0,1,704.0,23,705.0,20,1,2357,2025-06-18
2025-06-18 09:04:07.237163,705.0,20,704.0,23,706.0,19,1,2357,2025-06-18
2025-06-18 09:04:08.254901,706.0,1,705.0,7,706.0,21,1,2357,2025-06-18
2025-06-18 09:04:09.375182,706.0,10,705.0,8,706.0,11,1,2357,2025-06-18
2025-06-18 09:04:09.409533,706.0,1,705.0,9,706.0,10,1,2357,2025-06-18
2025-06-18 09:04:09.444040,706.0,10,705.0,9,707.0,25,1,2357,2025-06-18
2025-06-18 09:04:11.148943,706.0,3,706.0,4,707.0,25,2,2357,2025-06-18
2025-06-18 09:04:11.663434,707.0,6,706.0,4,707.0,25,1,2357,2025-06-18
2025-06-18 09:04:14.082505,707.0,2,706.0,12,707.0,16,1,2357,2025-06-18
2025-06-18 09:04:14.250580,707.0,1,706.0,12,707.0,15,1,2357,2025-06-18
2025-06-18 09:04:18.407066,707.0,1,706.0,13,707.0,14,1,2357,2025-06-18
2025-06-18 09:04:20.392725,706.0,1,706.0,13,707.0,17,2,2357,2025-06-18
2025-06-18 09:04:22.707358,706.0,1,706.0,15,707.0,18,2,2357,2025-06-18
2025-06-18 09:04:23.750977,706.0,1,706.0,14,707.0,18,2,2357,2025-06-18
2025-06-18 09:04:24.135644,707.0,3,706.0,14,707.0,15,1,2357,2025-06-18
2025-06-18 09:04:25.784590,707.0,1,706.0,17,707.0,15,1,2357,2025-06-18
2025-06-18 09:04:44.980780,707.0,1,706.0,14,707.0,14,1,2357,2025-06-18
2025-06-18 09:04:45.239115,707.0,1,706.0,14,707.0,15,1,2357,2025-06-18
2025-06-18 09:04:45.719865,706.0,1,706.0,13,707.0,15,2,2357,2025-06-18
2025-06-18 09:04:46.441272,707.0,1,706.0,13,707.0,14,1,2357,2025-06-18
2025-06-18 09:04:51.773518,706.0,1,706.0,12,707.0,16,2,2357,2025-06-18
2025-06-18 09:04:51.935906,707.0,1,706.0,13,707.0,15,1,2357,2025-06-18
2025-06-18 09:04:57.626515,706.0,1,706.0,12,707.0,22,2,2357,2025-06-18
2025-06-18 09:05:06.425627,706.0,1,706.0,13,707.0,23,2,2357,2025-06-18
2025-06-18 09:05:06.577869,706.0,1,706.0,12,707.0,23,2,2357,2025-06-18
2025-06-18 09:05:07.179338,707.0,1,706.0,12,707.0,22,1,2357,2025-06-18
2025-06-18 09:05:12.746499,707.0,1,706.0,13,707.0,20,1,2357,2025-06-18
2025-06-18 09:05:13.437523,707.0,1,706.0,13,707.0,19,1,2357,2025-06-18
2025-06-18 09:05:18.589572,707.0,1,706.0,16,707.0,18,1,2357,2025-06-18
2025-06-18 09:05:20.657341,706.0,1,706.0,15,707.0,19,2,2357,2025-06-18
2025-06-18 09:05:27.652051,707.0,1,706.0,19,707.0,20,1,2357,2025-06-18
2025-06-18 09:05:30.994119,707.0,1,706.0,19,707.0,20,1,2357,2025-06-18
2025-06-18 09:05:33.885376,707.0,1,706.0,23,707.0,19,1,2357,2025-06-18
2025-06-18 09:05:35.305099,707.0,1,706.0,23,707.0,19,1,2357,2025-06-18
2025-06-18 09:05:35.457230,707.0,1,706.0,23,707.0,18,1,2357,2025-06-18
2025-06-18 09:05:42.560989,707.0,18,706.0,24,708.0,32,1,2357,2025-06-18
2025-06-18 09:05:43.390723,708.0,7,707.0,3,708.0,27,1,2357,2025-06-18
2025-06-18 09:05:49.649740,708.0,1,707.0,7,708.0,27,1,2357,2025-06-18
2025-06-18 09:05:50.130904,708.0,1,707.0,7,708.0,27,1,2357,2025-06-18
2025-06-18 09:05:50.195181,708.0,1,707.0,7,708.0,26,1,2357,2025-06-18
2025-06-18 09:05:55.396172,707.0,2,707.0,7,708.0,26,2,2357,2025-06-18
2025-06-18 09:05:56.947279,708.0,1,707.0,7,708.0,25,1,2357,2025-06-18
2025-06-18 09:05:57.010365,707.0,1,707.0,6,708.0,25,2,2357,2025-06-18
2025-06-18 09:05:57.042697,707.0,6,706.0,29,708.0,25,2,2357,2025-06-18
2025-06-18 09:05:57.121363,707.0,1,706.0,23,708.0,28,2,2357,2025-06-18
2025-06-18 09:05:57.141718,707.0,1,706.0,23,708.0,28,2,2357,2025-06-18
2025-06-18 09:05:57.162545,707.0,1,706.0,23,708.0,29,1,2357,2025-06-18
2025-06-18 09:05:58.425259,707.0,1,707.0,1,708.0,26,2,2357,2025-06-18
2025-06-18 09:05:58.455745,707.0,1,706.0,23,708.0,27,2,2357,2025-06-18
2025-06-18 09:05:59.507957,707.0,1,706.0,22,708.0,27,2,2357,2025-06-18
2025-06-18 09:05:59.583562,707.0,1,706.0,21,708.0,27,2,2357,2025-06-18
2025-06-18 09:06:00.867055,706.0,1,706.0,26,707.0,3,2,2357,2025-06-18
2025-06-18 09:06:12.764178,706.0,1,706.0,26,707.0,6,2,2357,2025-06-18
2025-06-18 09:06:15.777463,706.0,1,706.0,25,707.0,8,2,2357,2025-06-18
2025-06-18 09:06:21.566098,706.0,1,706.0,24,707.0,8,2,2357,2025-06-18
2025-06-18 09:06:21.595102,706.0,24,705.0,16,707.0,8,2,2357,2025-06-18
2025-06-18 09:06:21.639365,706.0,2,705.0,12,706.0,8,1,2357,2025-06-18
2025-06-18 09:06:22.215940,705.0,6,705.0,10,706.0,5,2,2357,2025-06-18
2025-06-18 09:06:22.371161,705.0,1,705.0,10,706.0,6,2,2357,2025-06-18
2025-06-18 09:06:22.372459,705.0,7,705.0,3,706.0,6,2,2357,2025-06-18
2025-06-18 09:06:23.294899,705.0,2,705.0,3,706.0,4,2,2357,2025-06-18
2025-06-18 09:06:34.985358,705.0,1,705.0,6,706.0,7,2,2357,2025-06-18
2025-06-18 09:06:35.375035,705.0,1,705.0,5,706.0,7,2,2357,2025-06-18
2025-06-18 09:06:35.758523,705.0,1,705.0,4,706.0,7,2,2357,2025-06-18
2025-06-18 09:06:39.792961,705.0,1,705.0,6,706.0,7,2,2357,2025-06-18
2025-06-18 09:06:44.371050,705.0,1,705.0,6,706.0,9,2,2357,2025-06-18
2025-06-18 09:06:59.742374,705.0,5,705.0,5,706.0,9,2,2357,2025-06-18
2025-06-18 09:07:01.012456,705.0,1,705.0,11,706.0,7,2,2357,2025-06-18
2025-06-18 09:07:21.026115,706.0,1,705.0,13,706.0,9,1,2357,2025-06-18
2025-06-18 09:07:22.916712,705.0,1,705.0,12,706.0,9,2,2357,2025-06-18
2025-06-18 09:07:30.477442,706.0,3,705.0,18,706.0,8,1,2357,2025-06-18
2025-06-18 09:07:30.509836,706.0,4,705.0,18,706.0,8,1,2357,2025-06-18
2025-06-18 09:07:40.653431,706.0,1,705.0,22,706.0,8,1,2357,2025-06-18
2025-06-18 09:07:45.722301,706.0,1,705.0,25,706.0,7,1,2357,2025-06-18
2025-06-18 09:07:49.784300,706.0,1,705.0,25,706.0,8,1,2357,2025-06-18
2025-06-18 09:08:08.374587,706.0,1,705.0,26,706.0,9,1,2357,2025-06-18
2025-06-18 09:08:17.598729,706.0,9,706.0,1,707.0,10,1,2357,2025-06-18
2025-06-18 09:08:17.658929,706.0,1,706.0,3,707.0,8,2,2357,2025-06-18
2025-06-18 09:08:30.780809,706.0,1,706.0,8,707.0,11,2,2357,2025-06-18
2025-06-18 09:08:38.490827,707.0,6,706.0,8,707.0,8,1,2357,2025-06-18
2025-06-18 09:08:45.224444,706.0,2,706.0,7,707.0,11,2,2357,2025-06-18
2025-06-18 09:08:56.804974,707.0,6,706.0,10,707.0,9,1,2357,2025-06-18
2025-06-18 09:08:57.253837,706.0,10,705.0,21,707.0,11,2,2357,2025-06-18
2025-06-18 09:08:57.296312,706.0,1,705.0,19,707.0,17,1,2357,2025-06-18
2025-06-18 09:08:57.326292,706.0,1,705.0,18,707.0,17,1,2357,2025-06-18
2025-06-18 09:08:57.355693,706.0,1,705.0,17,707.0,16,2,2357,2025-06-18
2025-06-18 09:09:03.441129,707.0,1,706.0,1,707.0,12,1,2357,2025-06-18
2025-06-18 09:09:03.474636,706.0,1,705.0,17,707.0,12,2,2357,2025-06-18
2025-06-18 09:09:09.652007,707.0,1,705.0,23,707.0,13,1,2357,2025-06-18
2025-06-18 09:09:19.217466,706.0,1,706.0,1,707.0,9,2,2357,2025-06-18
2025-06-18 09:09:23.274789,706.0,2,705.0,27,707.0,9,2,2357,2025-06-18
2025-06-18 09:09:30.540190,707.0,4,706.0,1,707.0,6,1,2357,2025-06-18
2025-06-18 09:09:31.334733,706.0,1,705.0,22,707.0,5,2,2357,2025-06-18
2025-06-18 09:09:48.966056,707.0,1,705.0,30,707.0,8,1,2357,2025-06-18
2025-06-18 09:09:50.980084,705.0,1,705.0,29,706.0,4,2,2357,2025-06-18
2025-06-18 09:09:59.403834,706.0,4,706.0,6,707.0,6,1,2357,2025-06-18
2025-06-18 09:09:59.427471,706.0,1,706.0,5,707.0,6,2,2357,2025-06-18
2025-06-18 09:10:00.068928,707.0,1,706.0,9,707.0,6,1,2357,2025-06-18
2025-06-18 09:10:01.134474,706.0,9,706.0,3,707.0,5,2,2357,2025-06-18
2025-06-18 09:10:38.102058,706.0,1,706.0,13,707.0,10,2,2357,2025-06-18
2025-06-18 09:10:38.642728,707.0,1,706.0,13,707.0,9,1,2357,2025-06-18
2025-06-18 09:10:47.309796,707.0,1,706.0,13,707.0,10,1,2357,2025-06-18
2025-06-18 09:11:00.066597,707.0,1,706.0,18,707.0,10,1,2357,2025-06-18
2025-06-18 09:11:00.161984,707.0,1,706.0,18,707.0,9,1,2357,2025-06-18
2025-06-18 09:11:07.812157,706.0,18,706.0,1,707.0,11,2,2357,2025-06-18
2025-06-18 09:11:19.820319,707.0,7,706.0,12,707.0,8,1,2357,2025-06-18
2025-06-18 09:11:19.845385,707.0,8,706.0,12,708.0,30,1,2357,2025-06-18
2025-06-18 09:11:21.910158,707.0,1,707.0,1,708.0,31,2,2357,2025-06-18
2025-06-18 09:11:22.061073,708.0,5,707.0,3,708.0,26,1,2357,2025-06-18
2025-06-18 09:11:22.305249,707.0,1,707.0,3,708.0,26,2,2357,2025-06-18
2025-06-18 09:11:26.231860,708.0,1,707.0,3,708.0,26,1,2357,2025-06-18
2025-06-18 09:11:34.235391,707.0,2,707.0,7,708.0,28,2,2357,2025-06-18
2025-06-18 09:11:40.742387,708.0,1,707.0,13,708.0,27,1,2357,2025-06-18
2025-06-18 09:11:48.948258,707.0,1,707.0,15,708.0,27,2,2357,2025-06-18
2025-06-18 09:11:53.641399,707.0,2,707.0,14,708.0,27,2,2357,2025-06-18
2025-06-18 09:11:53.850708,708.0,1,707.0,14,708.0,26,1,2357,2025-06-18
2025-06-18 09:11:58.180025,707.0,1,707.0,15,708.0,26,2,2357,2025-06-18
2025-06-18 09:11:59.516459,708.0,1,707.0,15,708.0,24,1,2357,2025-06-18
2025-06-18 09:12:00.186542,708.0,1,707.0,15,708.0,23,1,2357,2025-06-18
2025-06-18 09:12:04.981519,708.0,22,707.0,16,709.0,41,1,2357,2025-06-18
2025-06-18 09:12:05.005088,709.0,4,708.0,4,709.0,37,1,2357,2025-06-18
2025-06-18 09:12:05.005105,709.0,37,708.0,4,710.0,114,1,2357,2025-06-18
2025-06-18 09:12:05.106699,710.0,1,709.0,15,710.0,112,1,2357,2025-06-18
2025-06-18 09:12:05.719434,710.0,27,709.0,23,710.0,83,1,2357,2025-06-18
2025-06-18 09:12:12.530380,709.0,2,709.0,21,710.0,78,2,2357,2025-06-18
2025-06-18 09:12:12.683203,710.0,1,709.0,22,710.0,83,1,2357,2025-06-18
2025-06-18 09:12:13.266136,710.0,1,709.0,22,710.0,81,1,2357,2025-06-18
2025-06-18 09:12:15.787590,710.0,1,709.0,23,710.0,81,1,2357,2025-06-18
2025-06-18 09:12:16.551669,710.0,1,709.0,23,710.0,80,1,2357,2025-06-18
2025-06-18 09:12:21.888128,709.0,1,709.0,23,710.0,80,2,2357,2025-06-18
2025-06-18 09:12:22.337369,710.0,1,709.0,23,710.0,79,1,2357,2025-06-18
2025-06-18 09:12:22.713947,710.0,1,709.0,23,710.0,78,1,2357,2025-06-18
2025-06-18 09:12:23.047285,709.0,3,709.0,20,710.0,78,2,2357,2025-06-18
2025-06-18 09:12:25.190846,710.0,1,709.0,20,710.0,78,1,2357,2025-06-18
2025-06-18 09:12:43.231495,710.0,3,709.0,32,710.0,85,1,2357,2025-06-18
2025-06-18 09:12:43.613855,710.0,1,709.0,32,710.0,84,1,2357,2025-06-18
2025-06-18 09:12:45.940920,710.0,1,709.0,45,710.0,77,1,2357,2025-06-18
2025-06-18 09:12:47.266786,710.0,3,709.0,47,710.0,73,1,2357,2025-06-18
2025-06-18 09:12:47.371686,710.0,1,709.0,47,710.0,72,1,2357,2025-06-18
2025-06-18 09:12:47.408209,710.0,72,709.0,53,711.0,28,1,2357,2025-06-18
2025-06-18 09:12:47.468253,711.0,1,710.0,24,711.0,22,1,2357,2025-06-18
2025-06-18 09:12:47.487380,711.0,2,710.0,21,711.0,20,1,2357,2025-06-18
2025-06-18 09:12:47.566091,711.0,1,710.0,9,711.0,19,1,2357,2025-06-18
2025-06-18 09:12:47.920952,711.0,1,710.0,11,711.0,17,1,2357,2025-06-18
2025-06-18 09:12:48.064616,711.0,1,710.0,12,711.0,16,1,2357,2025-06-18
2025-06-18 09:12:48.666847,711.0,12,710.0,14,711.0,3,1,2357,2025-06-18
2025-06-18 09:12:48.725880,711.0,1,710.0,17,711.0,2,1,2357,2025-06-18
2025-06-18 09:12:52.646896,711.0,1,710.0,18,711.0,1,1,2357,2025-06-18
2025-06-18 09:12:53.504493,710.0,1,710.0,16,711.0,3,2,2357,2025-06-18
2025-06-18 09:12:54.079448,711.0,1,710.0,15,711.0,2,1,2357,2025-06-18
2025-06-18 09:12:54.744142,711.0,1,710.0,15,711.0,1,1,2357,2025-06-18
2025-06-18 09:12:56.585298,711.0,1,710.0,15,711.0,1,1,2357,2025-06-18
2025-06-18 09:12:57.828215,711.0,1,710.0,14,711.0,1,1,2357,2025-06-18
2025-06-18 09:13:00.118241,711.0,1,710.0,15,711.0,2,1,2357,2025-06-18
2025-06-18 09:13:00.243451,711.0,1,710.0,15,711.0,1,1,2357,2025-06-18
2025-06-18 09:13:01.828699,711.0,1,710.0,14,712.0,52,1,2357,2025-06-18
2025-06-18 09:13:03.168057,711.0,1,711.0,4,712.0,52,2,2357,2025-06-18
2025-06-18 09:13:03.675953,712.0,42,711.0,4,712.0,52,1,2357,2025-06-18
2025-06-18 09:13:03.729447,711.0,9,710.0,11,712.0,5,2,2357,2025-06-18
2025-06-18 09:13:03.796150,711.0,1,711.0,1,712.0,15,2,2357,2025-06-18
2025-06-18 09:13:03.825909,711.0,1,710.0,10,712.0,16,2,2357,2025-06-18
2025-06-18 09:13:04.681855,712.0,1,710.0,10,712.0,16,1,2357,2025-06-18
2025-06-18 09:13:06.718957,711.0,1,710.0,10,712.0,13,2,2357,2025-06-18
2025-06-18 09:13:09.516090,712.0,1,710.0,17,712.0,15,1,2357,2025-06-18
2025-06-18 09:13:09.528561,712.0,1,710.0,17,712.0,14,1,2357,2025-06-18
2025-06-18 09:13:10.490972,712.0,1,710.0,17,712.0,8,1,2357,2025-06-18
2025-06-18 09:13:10.919565,711.0,1,710.0,16,712.0,8,2,2357,2025-06-18
2025-06-18 09:13:22.465811,712.0,1,711.0,16,712.0,6,1,2357,2025-06-18
2025-06-18 09:13:24.984106,712.0,1,711.0,16,712.0,3,1,2357,2025-06-18
2025-06-18 09:13:25.902603,712.0,1,711.0,19,712.0,2,1,2357,2025-06-18
2025-06-18 09:13:28.591516,712.0,1,711.0,21,712.0,1,1,2357,2025-06-18
2025-06-18 09:13:35.536483,711.0,19,711.0,1,712.0,7,2,2357,2025-06-18
2025-06-18 09:13:35.561840,711.0,1,710.0,19,712.0,15,2,2357,2025-06-18
2025-06-18 09:13:35.600414,711.0,1,711.0,2,712.0,13,2,2357,2025-06-18
2025-06-18 09:13:50.555310,711.0,1,710.0,20,711.0,9,1,2357,2025-06-18
2025-06-18 09:13:55.790071,711.0,2,710.0,22,711.0,11,1,2357,2025-06-18
2025-06-18 09:13:59.804166,711.0,1,710.0,21,711.0,4,1,2357,2025-06-18
2025-06-18 09:14:14.818936,711.0,1,710.0,23,711.0,6,1,2357,2025-06-18
2025-06-18 09:14:21.316560,710.0,1,710.0,24,711.0,9,2,2357,2025-06-18
2025-06-18 09:14:21.639106,711.0,1,710.0,23,711.0,16,1,2357,2025-06-18
2025-06-18 09:14:32.791362,711.0,1,710.0,23,711.0,16,1,2357,2025-06-18
2025-06-18 09:14:36.251938,710.0,1,710.0,21,711.0,17,2,2357,2025-06-18
2025-06-18 09:14:47.229313,710.0,16,709.0,20,711.0,22,2,2357,2025-06-18
2025-06-18 09:14:47.306540,709.0,1,709.0,18,710.0,13,2,2357,2025-06-18
2025-06-18 09:14:51.610027,709.0,1,709.0,17,710.0,12,2,2357,2025-06-18
2025-06-18 09:14:51.688214,709.0,17,708.0,18,710.0,12,2,2357,2025-06-18
2025-06-18 09:14:51.798289,708.0,1,708.0,15,709.0,9,2,2357,2025-06-18
2025-06-18 09:14:59.658947,709.0,1,708.0,11,709.0,8,1,2357,2025-06-18
2025-06-18 09:15:09.706651,708.0,2,708.0,9,709.0,9,2,2357,2025-06-18
2025-06-18 09:15:22.587837,708.0,5,708.0,8,709.0,13,2,2357,2025-06-18
2025-06-18 09:15:26.823552,708.0,1,708.0,7,709.0,14,2,2357,2025-06-18
2025-06-18 09:15:31.013967,708.0,1,708.0,7,709.0,15,2,2357,2025-06-18
2025-06-18 09:15:34.908707,708.0,1,708.0,6,709.0,15,2,2357,2025-06-18
2025-06-18 09:15:40.081350,708.0,1,708.0,6,709.0,15,2,2357,2025-06-18
2025-06-18 09:15:50.641857,709.0,1,708.0,8,709.0,14,1,2357,2025-06-18
2025-06-18 09:16:01.180341,708.0,1,708.0,9,709.0,15,2,2357,2025-06-18
2025-06-18 09:16:01.237055,708.0,1,708.0,8,709.0,15,2,2357,2025-06-18
2025-06-18 09:16:01.355431,708.0,1,708.0,7,709.0,15,2,2357,2025-06-18
2025-06-18 09:16:05.266767,708.0,1,708.0,6,709.0,15,2,2357,2025-06-18
2025-06-18 09:16:40.418644,708.0,1,708.0,9,709.0,16,2,2357,2025-06-18
2025-06-18 09:17:26.128454,708.0,5,708.0,6,709.0,19,2,2357,2025-06-18
2025-06-18 09:17:51.846393,708.0,1,708.0,9,709.0,20,2,2357,2025-06-18
2025-06-18 09:17:52.111612,708.0,1,708.0,8,709.0,19,2,2357,2025-06-18
2025-06-18 09:17:57.869800,708.0,2,708.0,8,709.0,22,2,2357,2025-06-18
2025-06-18 09:17:57.900421,708.0,8,707.0,15,709.0,22,2,2357,2025-06-18
2025-06-18 09:17:58.762521,707.0,1,707.0,13,708.0,4,2,2357,2025-06-18
2025-06-18 09:18:00.321009,708.0,1,707.0,12,708.0,9,1,2357,2025-06-18
2025-06-18 09:18:04.809723,708.0,1,707.0,12,708.0,10,1,2357,2025-06-18
2025-06-18 09:18:06.261033,708.0,5,707.0,12,708.0,5,1,2357,2025-06-18
2025-06-18 09:18:15.649555,707.0,13,706.0,25,708.0,7,2,2357,2025-06-18
2025-06-18 09:18:16.476078,706.0,1,706.0,23,708.0,14,2,2357,2025-06-18
2025-06-18 09:18:16.822213,706.0,1,706.0,22,708.0,15,2,2357,2025-06-18
2025-06-18 09:18:29.952487,706.0,1,706.0,19,707.0,10,2,2357,2025-06-18
2025-06-18 09:18:50.647075,706.0,1,706.0,21,707.0,9,2,2357,2025-06-18
2025-06-18 09:18:53.362260,707.0,1,706.0,21,707.0,11,1,2357,2025-06-18
2025-06-18 09:19:05.524145,707.0,1,706.0,23,707.0,8,1,2357,2025-06-18
2025-06-18 09:19:33.651061,707.0,1,706.0,23,707.0,7,1,2357,2025-06-18
2025-06-18 09:19:35.011734,706.0,1,706.0,22,707.0,7,2,2357,2025-06-18
2025-06-18 09:19:35.612596,707.0,1,706.0,22,707.0,6,1,2357,2025-06-18
2025-06-18 09:19:55.011139,706.0,1,706.0,20,707.0,7,2,2357,2025-06-18
2025-06-18 09:20:13.388167,707.0,1,706.0,21,707.0,11,1,2357,2025-06-18
2025-06-18 09:20:19.650766,707.0,8,706.0,24,708.0,9,1,2357,2025-06-18
2025-06-18 09:20:19.650766,708.0,2,706.0,24,708.0,9,1,2357,2025-06-18
2025-06-18 09:20:30.124493,708.0,1,707.0,8,708.0,4,1,2357,2025-06-18
2025-06-18 09:20:58.940067,708.0,1,707.0,21,708.0,6,1,2357,2025-06-18
2025-06-18 09:21:00.570316,708.0,1,707.0,23,708.0,5,1,2357,2025-06-18
2025-06-18 09:21:01.694265,708.0,1,707.0,23,708.0,4,1,2357,2025-06-18
2025-06-18 09:21:02.647261,708.0,1,707.0,23,708.0,3,1,2357,2025-06-18
2025-06-18 09:21:06.298602,708.0,1,707.0,24,708.0,2,1,2357,2025-06-18
2025-06-18 09:21:07.113402,708.0,1,707.0,24,708.0,1,1,2357,2025-06-18
2025-06-18 09:22:01.247825,708.0,1,708.0,14,709.0,6,2,2357,2025-06-18
2025-06-18 09:22:15.002122,708.0,1,708.0,18,709.0,15,2,2357,2025-06-18
2025-06-18 09:22:22.263668,708.0,2,708.0,16,709.0,14,2,2357,2025-06-18
2025-06-18 09:22:31.059541,708.0,2,708.0,14,709.0,15,2,2357,2025-06-18
2025-06-18 09:22:34.870821,708.0,1,708.0,13,709.0,16,2,2357,2025-06-18
2025-06-18 09:22:38.869825,708.0,1,708.0,14,709.0,16,2,2357,2025-06-18
2025-06-18 09:22:39.665526,708.0,1,708.0,13,709.0,16,2,2357,2025-06-18
2025-06-18 09:22:43.709125,708.0,5,708.0,8,709.0,17,2,2357,2025-06-18
2025-06-18 09:22:43.728535,708.0,8,707.0,30,709.0,17,2,2357,2025-06-18
2025-06-18 09:22:44.076291,707.0,3,707.0,26,708.0,7,2,2357,2025-06-18
2025-06-18 09:22:52.335253,708.0,1,707.0,24,708.0,9,1,2357,2025-06-18
2025-06-18 09:23:08.033308,708.0,1,707.0,23,708.0,10,1,2357,2025-06-18
2025-06-18 09:23:08.045888,708.0,1,707.0,23,708.0,9,1,2357,2025-06-18
2025-06-18 09:23:11.200180,707.0,5,707.0,18,708.0,9,2,2357,2025-06-18
2025-06-18 09:23:15.639117,708.0,1,707.0,21,708.0,14,1,2357,2025-06-18
2025-06-18 09:23:20.934947,707.0,1,707.0,20,708.0,15,2,2357,2025-06-18
2025-06-18 09:23:38.233408,708.0,1,707.0,20,708.0,14,1,2357,2025-06-18
2025-06-18 09:24:19.138410,708.0,1,707.0,23,708.0,23,1,2357,2025-06-18
2025-06-18 09:24:19.661204,708.0,1,707.0,23,708.0,22,1,2357,2025-06-18
2025-06-18 09:24:44.644721,708.0,1,707.0,23,708.0,21,1,2357,2025-06-18
2025-06-18 09:24:49.644864,708.0,1,707.0,23,708.0,20,1,2357,2025-06-18
2025-06-18 09:24:52.875901,707.0,1,707.0,23,708.0,20,2,2357,2025-06-18
2025-06-18 09:25:29.986264,708.0,2,707.0,24,708.0,19,1,2357,2025-06-18
2025-06-18 09:25:35.564087,708.0,2,707.0,24,708.0,17,1,2357,2025-06-18
2025-06-18 09:25:46.742115,708.0,1,707.0,25,708.0,16,1,2357,2025-06-18
2025-06-18 09:25:52.910410,708.0,1,707.0,26,708.0,16,1,2357,2025-06-18
2025-06-18 09:26:04.250999,707.0,1,707.0,27,708.0,16,2,2357,2025-06-18
2025-06-18 09:26:04.444762,707.0,1,707.0,26,708.0,16,2,2357,2025-06-18
2025-06-18 09:26:13.644579,708.0,1,707.0,26,708.0,15,1,2357,2025-06-18
2025-06-18 09:26:19.311463,707.0,1,707.0,25,708.0,15,2,2357,2025-06-18
2025-06-18 09:26:29.075843,707.0,1,707.0,24,708.0,17,2,2357,2025-06-18
2025-06-18 09:26:34.103231,707.0,1,707.0,23,708.0,21,2,2357,2025-06-18
2025-06-18 09:26:34.132516,707.0,1,707.0,24,708.0,21,2,2357,2025-06-18
2025-06-18 09:26:45.391221,707.0,1,707.0,21,708.0,25,2,2357,2025-06-18
2025-06-18 09:26:49.656913,707.0,2,707.0,19,708.0,25,2,2357,2025-06-18
2025-06-18 09:26:49.682592,707.0,19,706.0,26,708.0,25,2,2357,2025-06-18
2025-06-18 09:26:49.728067,707.0,3,706.0,25,707.0,9,1,2357,2025-06-18
2025-06-18 09:26:49.896937,706.0,1,706.0,24,707.0,7,2,2357,2025-06-18
2025-06-18 09:26:50.171719,706.0,20,706.0,2,707.0,9,2,2357,2025-06-18
2025-06-18 09:26:50.205440,706.0,1,706.0,1,707.0,9,2,2357,2025-06-18
2025-06-18 09:26:50.310623,706.0,1,706.0,1,707.0,18,2,2357,2025-06-18
2025-06-18 09:26:50.475823,705.0,1,705.0,19,707.0,17,2,2357,2025-06-18
2025-06-18 09:26:54.467238,705.0,1,705.0,16,707.0,19,2,2357,2025-06-18
2025-06-18 09:27:08.171104,705.0,1,705.0,16,706.0,8,2,2357,2025-06-18
2025-06-18 09:27:16.437106,705.0,5,705.0,11,706.0,11,2,2357,2025-06-18
2025-06-18 09:27:16.574660,705.0,2,705.0,9,706.0,12,2,2357,2025-06-18
2025-06-18 09:27:16.586727,705.0,1,705.0,8,706.0,12,2,2357,2025-06-18
2025-06-18 09:27:17.300075,705.0,8,704.0,14,706.0,15,2,2357,2025-06-18
2025-06-18 09:27:19.765804,705.0,1,704.0,13,706.0,21,2,2357,2025-06-18
2025-06-18 09:27:23.234399,705.0,3,704.0,13,705.0,5,1,2357,2025-06-18
2025-06-18 09:27:43.998347,704.0,1,704.0,11,705.0,22,2,2357,2025-06-18
2025-06-18 09:27:45.388464,704.0,3,704.0,8,705.0,25,2,2357,2025-06-18
2025-06-18 09:27:51.265551,704.0,1,704.0,7,705.0,29,2,2357,2025-06-18
2025-06-18 09:27:51.300053,704.0,7,703.0,13,705.0,29,2,2357,2025-06-18
2025-06-18 09:28:10.959980,704.0,1,703.0,13,704.0,10,1,2357,2025-06-18
2025-06-18 09:28:15.156508,704.0,1,703.0,13,704.0,10,1,2357,2025-06-18
2025-06-18 09:28:27.639761,704.0,1,703.0,13,704.0,11,1,2357,2025-06-18
2025-06-18 09:28:32.989412,704.0,1,703.0,13,704.0,11,1,2357,2025-06-18
2025-06-18 09:28:53.899935,704.0,1,703.0,15,704.0,10,1,2357,2025-06-18
2025-06-18 09:28:56.695242,704.0,10,703.0,17,704.0,1,1,2357,2025-06-18
2025-06-18 09:28:59.573308,704.0,1,703.0,17,705.0,14,1,2357,2025-06-18
2025-06-18 09:29:07.390634,704.0,1,704.0,3,705.0,15,2,2357,2025-06-18
2025-06-18 09:29:26.712259,705.0,1,704.0,5,705.0,14,1,2357,2025-06-18
2025-06-18 09:29:29.581283,704.0,1,704.0,4,705.0,14,2,2357,2025-06-18
2025-06-18 09:29:56.644321,705.0,1,704.0,6,705.0,13,1,2357,2025-06-18
2025-06-18 09:30:01.449435,704.0,6,703.0,16,705.0,21,2,2357,2025-06-18
2025-06-18 09:30:23.769789,703.0,1,703.0,17,704.0,13,2,2357,2025-06-18
2025-06-18 09:30:23.807091,703.0,17,702.0,11,704.0,13,2,2357,2025-06-18
2025-06-18 09:30:55.147758,702.0,7,702.0,4,703.0,21,2,2357,2025-06-18
2025-06-18 09:30:55.177597,702.0,4,701.0,13,703.0,21,2,2357,2025-06-18
2025-06-18 09:30:55.950162,702.0,1,701.0,13,702.0,16,1,2357,2025-06-18
2025-06-18 09:31:14.390695,702.0,1,701.0,12,702.0,20,1,2357,2025-06-18
2025-06-18 09:31:18.588106,702.0,13,701.0,11,702.0,7,1,2357,2025-06-18
2025-06-18 09:31:22.240950,702.0,1,701.0,12,702.0,6,1,2357,2025-06-18
2025-06-18 09:31:25.208365,702.0,1,701.0,15,702.0,5,1,2357,2025-06-18
2025-06-18 09:31:25.299546,702.0,1,701.0,19,702.0,4,1,2357,2025-06-18
2025-06-18 09:31:25.307063,702.0,2,701.0,19,702.0,5,1,2357,2025-06-18
2025-06-18 09:31:25.356913,702.0,2,701.0,21,703.0,2,1,2357,2025-06-18
2025-06-18 09:31:25.653044,703.0,1,702.0,6,703.0,1,1,2357,2025-06-18
2025-06-18 09:31:31.386753,702.0,1,702.0,10,703.0,1,2,2357,2025-06-18
2025-06-18 09:31:36.297417,703.0,1,702.0,11,704.0,4,1,2357,2025-06-18
2025-06-18 09:31:49.461730,703.0,1,702.0,12,704.0,6,1,2357,2025-06-18
2025-06-18 09:31:58.643727,702.0,1,702.0,12,704.0,8,2,2357,2025-06-18
2025-06-18 09:32:20.691551,702.0,1,702.0,10,704.0,12,2,2357,2025-06-18
2025-06-18 09:32:26.755381,704.0,1,702.0,11,704.0,13,1,2357,2025-06-18
2025-06-18 09:32:38.031038,704.0,1,702.0,13,704.0,9,1,2357,2025-06-18
2025-06-18 09:32:43.699779,704.0,1,702.0,18,704.0,5,1,2357,2025-06-18
2025-06-18 09:32:47.689035,704.0,1,702.0,22,704.0,1,1,2357,2025-06-18
2025-06-18 09:33:37.786711,703.0,4,703.0,3,704.0,7,2,2357,2025-06-18
2025-06-18 09:33:39.647256,704.0,1,703.0,3,704.0,9,1,2357,2025-06-18
2025-06-18 09:33:55.399937,703.0,1,703.0,2,704.0,11,2,2357,2025-06-18
2025-06-18 09:34:15.383873,703.0,1,703.0,5,704.0,10,2,2357,2025-06-18
2025-06-18 09:34:23.550512,703.0,1,703.0,4,704.0,10,2,2357,2025-06-18
2025-06-18 09:34:49.095848,703.0,2,703.0,3,704.0,13,2,2357,2025-06-18
2025-06-18 09:34:49.128097,703.0,3,702.0,13,704.0,13,2,2357,2025-06-18
2025-06-18 09:35:08.649625,703.0,1,702.0,14,703.0,6,1,2357,2025-06-18
2025-06-18 09:35:19.165615,703.0,1,702.0,15,703.0,5,1,2357,2025-06-18
2025-06-18 09:36:17.759297,703.0,1,702.0,20,703.0,3,1,2357,2025-06-18
2025-06-18 09:36:19.396949,702.0,1,702.0,19,703.0,3,2,2357,2025-06-18
2025-06-18 09:36:26.490727,702.0,1,702.0,20,703.0,3,2,2357,2025-06-18
2025-06-18 09:36:37.633964,703.0,1,702.0,20,703.0,2,1,2357,2025-06-18
2025-06-18 09:36:51.276711,702.0,1,702.0,19,703.0,3,2,2357,2025-06-18
2025-06-18 09:37:05.160737,702.0,13,702.0,7,703.0,3,2,2357,2025-06-18
2025-06-18 09:37:05.308164,702.0,7,702.0,9,703.0,9,2,2357,2025-06-18
2025-06-18 09:37:06.076014,702.0,1,702.0,1,703.0,14,2,2357,2025-06-18
2025-06-18 09:37:13.213085,702.0,1,701.0,13,703.0,17,2,2357,2025-06-18
2025-06-18 09:37:16.422718,702.0,1,701.0,13,702.0,3,1,2357,2025-06-18
2025-06-18 09:37:44.694180,701.0,1,701.0,12,702.0,12,2,2357,2025-06-18
2025-06-18 09:38:00.835714,701.0,1,701.0,13,702.0,13,2,2357,2025-06-18
2025-06-18 09:38:06.210180,701.0,1,701.0,12,702.0,13,2,2357,2025-06-18
2025-06-18 09:38:13.376412,701.0,1,701.0,11,702.0,12,2,2357,2025-06-18
2025-06-18 09:38:36.348090,701.0,5,701.0,7,702.0,16,2,2357,2025-06-18
2025-06-18 09:38:40.052989,702.0,1,701.0,9,702.0,13,1,2357,2025-06-18
2025-06-18 09:38:40.115649,701.0,1,701.0,8,702.0,13,2,2357,2025-06-18
2025-06-18 09:38:42.398110,701.0,1,701.0,7,702.0,15,2,2357,2025-06-18
2025-06-18 09:38:50.634331,702.0,1,701.0,7,702.0,14,1,2357,2025-06-18
2025-06-18 09:39:00.094166,701.0,2,701.0,5,702.0,15,2,2357,2025-06-18
2025-06-18 09:39:00.241560,701.0,1,701.0,5,702.0,16,2,2357,2025-06-18
2025-06-18 09:39:22.713568,702.0,2,701.0,10,702.0,13,1,2357,2025-06-18
2025-06-18 09:39:31.515053,702.0,1,701.0,11,702.0,12,1,2357,2025-06-18
2025-06-18 09:39:42.455472,702.0,1,701.0,11,702.0,13,1,2357,2025-06-18
2025-06-18 09:40:03.743873,701.0,1,701.0,12,702.0,13,2,2357,2025-06-18
2025-06-18 09:40:19.639086,702.0,1,701.0,11,702.0,13,1,2357,2025-06-18
2025-06-18 09:40:37.723948,701.0,1,701.0,13,702.0,15,2,2357,2025-06-18
2025-06-18 09:40:38.157994,702.0,1,701.0,13,702.0,14,1,2357,2025-06-18
2025-06-18 09:40:47.127339,702.0,1,701.0,14,702.0,12,1,2357,2025-06-18
2025-06-18 09:41:06.401133,701.0,1,701.0,14,702.0,12,2,2357,2025-06-18
2025-06-18 09:41:20.530292,701.0,1,701.0,15,702.0,12,2,2357,2025-06-18
2025-06-18 09:41:28.219091,701.0,1,701.0,14,702.0,12,2,2357,2025-06-18
2025-06-18 09:41:46.072822,701.0,1,701.0,15,702.0,13,2,2357,2025-06-18
2025-06-18 09:41:48.645100,702.0,1,701.0,15,702.0,14,1,2357,2025-06-18
2025-06-18 09:41:49.144807,702.0,1,701.0,15,702.0,12,1,2357,2025-06-18
2025-06-18 09:42:09.155033,701.0,1,701.0,17,702.0,12,2,2357,2025-06-18
2025-06-18 09:42:14.790615,701.0,1,701.0,17,702.0,13,2,2357,2025-06-18
2025-06-18 09:43:30.396204,701.0,1,701.0,24,702.0,14,2,2357,2025-06-18
2025-06-18 09:43:30.465561,701.0,1,701.0,23,702.0,14,2,2357,2025-06-18
2025-06-18 09:43:48.408619,701.0,1,701.0,24,702.0,15,2,2357,2025-06-18
2025-06-18 09:44:02.641681,702.0,1,701.0,24,702.0,16,1,2357,2025-06-18
2025-06-18 09:44:02.752018,702.0,1,701.0,24,702.0,15,1,2357,2025-06-18
2025-06-18 09:44:04.091412,702.0,1,701.0,24,702.0,13,1,2357,2025-06-18
2025-06-18 09:45:10.651958,702.0,1,701.0,24,702.0,13,1,2357,2025-06-18
2025-06-18 09:45:31.638632,702.0,1,701.0,34,702.0,13,1,2357,2025-06-18
2025-06-18 09:45:51.106026,701.0,1,701.0,34,702.0,14,2,2357,2025-06-18
2025-06-18 09:45:51.794245,702.0,1,701.0,33,702.0,13,1,2357,2025-06-18
2025-06-18 09:45:52.337293,702.0,1,701.0,33,702.0,12,1,2357,2025-06-18
2025-06-18 09:45:54.389548,701.0,1,701.0,32,702.0,12,2,2357,2025-06-18
2025-06-18 09:46:03.166629,702.0,1,701.0,32,702.0,12,1,2357,2025-06-18
2025-06-18 09:46:21.861012,702.0,1,701.0,34,702.0,12,1,2357,2025-06-18
2025-06-18 09:46:51.554186,702.0,1,701.0,35,702.0,12,1,2357,2025-06-18
2025-06-18 09:47:00.717546,702.0,1,701.0,38,702.0,11,1,2357,2025-06-18
2025-06-18 09:47:04.936012,702.0,11,701.0,39,702.0,11,1,2357,2025-06-18
2025-06-18 09:47:14.077483,703.0,1,702.0,25,704.0,8,1,2357,2025-06-18
2025-06-18 09:47:16.399171,704.0,1,702.0,25,704.0,6,1,2357,2025-06-18
2025-06-18 09:47:17.902975,703.0,1,703.0,2,704.0,6,2,2357,2025-06-18
2025-06-18 09:47:36.763302,704.0,1,703.0,3,704.0,8,1,2357,2025-06-18
2025-06-18 09:47:39.978636,704.0,1,703.0,6,704.0,7,1,2357,2025-06-18
2025-06-18 09:47:53.387089,704.0,1,703.0,17,704.0,4,1,2357,2025-06-18
2025-06-18 09:48:06.532149,704.0,1,703.0,17,704.0,3,1,2357,2025-06-18
2025-06-18 09:48:08.576226,704.0,1,703.0,18,704.0,2,1,2357,2025-06-18
2025-06-18 09:48:08.883235,704.0,2,703.0,18,705.0,17,1,2357,2025-06-18
2025-06-18 09:48:18.387160,704.0,1,704.0,2,705.0,20,2,2357,2025-06-18
2025-06-18 09:48:29.023839,705.0,1,704.0,3,705.0,19,1,2357,2025-06-18
2025-06-18 09:48:29.325457,704.0,1,704.0,2,705.0,19,2,2357,2025-06-18
2025-06-18 09:48:49.051753,705.0,1,704.0,9,705.0,21,1,2357,2025-06-18
2025-06-18 09:49:14.639092,705.0,1,704.0,11,705.0,20,1,2357,2025-06-18
2025-06-18 09:49:28.608113,705.0,2,704.0,11,705.0,20,1,2357,2025-06-18
2025-06-18 09:49:53.587360,705.0,1,704.0,16,705.0,15,1,2357,2025-06-18
2025-06-18 09:50:11.778263,705.0,1,704.0,18,705.0,19,1,2357,2025-06-18
2025-06-18 09:50:20.322666,704.0,1,704.0,14,705.0,19,2,2357,2025-06-18
2025-06-18 09:50:41.393583,704.0,1,704.0,13,705.0,20,2,2357,2025-06-18
2025-06-18 09:50:43.635285,705.0,1,704.0,13,705.0,19,1,2357,2025-06-18
2025-06-18 09:50:54.620130,705.0,1,704.0,16,705.0,18,1,2357,2025-06-18
2025-06-18 09:50:56.114574,705.0,1,704.0,16,705.0,17,1,2357,2025-06-18
2025-06-18 09:51:06.478963,704.0,1,704.0,13,705.0,17,2,2357,2025-06-18
2025-06-18 09:51:11.527460,705.0,1,704.0,13,705.0,16,1,2357,2025-06-18
2025-06-18 09:52:24.477034,704.0,15,703.0,17,705.0,26,2,2357,2025-06-18
2025-06-18 09:52:24.564505,703.0,1,703.0,13,704.0,20,2,2357,2025-06-18
2025-06-18 09:52:24.688989,703.0,2,703.0,13,704.0,21,2,2357,2025-06-18
2025-06-18 09:52:25.593236,703.0,1,703.0,12,704.0,19,2,2357,2025-06-18
2025-06-18 09:52:28.516278,703.0,1,703.0,14,704.0,10,2,2357,2025-06-18
2025-06-18 09:52:33.296800,704.0,3,703.0,14,704.0,5,1,2357,2025-06-18
2025-06-18 09:52:53.576271,704.0,3,703.0,17,704.0,6,1,2357,2025-06-18
2025-06-18 09:53:05.404245,703.0,1,703.0,15,704.0,7,2,2357,2025-06-18
2025-06-18 09:54:12.357766,703.0,2,703.0,16,704.0,12,2,2357,2025-06-18
2025-06-18 09:54:19.521802,704.0,1,703.0,15,704.0,16,1,2357,2025-06-18
2025-06-18 09:54:50.672160,703.0,1,703.0,16,704.0,14,2,2357,2025-06-18
2025-06-18 09:55:27.340757,704.0,1,703.0,21,704.0,14,1,2357,2025-06-18
2025-06-18 09:55:29.400457,703.0,1,703.0,20,704.0,14,2,2357,2025-06-18
2025-06-18 09:55:55.635190,704.0,1,703.0,20,704.0,19,1,2357,2025-06-18
2025-06-18 09:56:44.319209,704.0,1,703.0,29,704.0,22,1,2357,2025-06-18
2025-06-18 09:56:53.052832,703.0,1,703.0,28,704.0,23,2,2357,2025-06-18
2025-06-18 09:57:06.713737,704.0,1,703.0,28,704.0,22,1,2357,2025-06-18
2025-06-18 09:57:10.219250,703.0,1,703.0,27,704.0,22,2,2357,2025-06-18
2025-06-18 09:57:24.648992,704.0,1,703.0,27,704.0,21,1,2357,2025-06-18
2025-06-18 09:57:53.398599,703.0,1,703.0,36,704.0,22,2,2357,2025-06-18
2025-06-18 09:58:19.864306,703.0,1,703.0,35,704.0,25,2,2357,2025-06-18
2025-06-18 09:58:55.763009,704.0,1,703.0,39,704.0,26,1,2357,2025-06-18
2025-06-18 09:59:21.173219,703.0,1,703.0,38,704.0,30,2,2357,2025-06-18
2025-06-18 09:59:22.875251,703.0,1,703.0,37,704.0,30,2,2357,2025-06-18
2025-06-18 09:59:29.594964,703.0,1,703.0,38,704.0,30,2,2357,2025-06-18
2025-06-18 09:59:30.262694,703.0,1,703.0,37,704.0,30,2,2357,2025-06-18
2025-06-18 09:59:37.645580,704.0,1,703.0,37,704.0,29,1,2357,2025-06-18
2025-06-18 09:59:40.278652,703.0,1,703.0,35,704.0,28,2,2357,2025-06-18
2025-06-18 09:59:40.611657,704.0,1,703.0,35,704.0,27,1,2357,2025-06-18
2025-06-18 10:00:00.055651,704.0,1,703.0,37,704.0,26,1,2357,2025-06-18
2025-06-18 10:00:17.404066,703.0,1,703.0,37,704.0,26,2,2357,2025-06-18
2025-06-18 10:00:35.520086,704.0,1,703.0,44,704.0,25,1,2357,2025-06-18
2025-06-18 10:00:39.449294,703.0,1,703.0,43,704.0,24,2,2357,2025-06-18
2025-06-18 10:01:03.802055,704.0,1,703.0,42,704.0,26,1,2357,2025-06-18
2025-06-18 10:01:06.636455,704.0,1,703.0,42,704.0,26,1,2357,2025-06-18
2025-06-18 10:01:10.870021,704.0,1,703.0,42,704.0,25,1,2357,2025-06-18
2025-06-18 10:01:49.155366,703.0,1,703.0,53,704.0,27,2,2357,2025-06-18
2025-06-18 10:01:50.037022,704.0,1,703.0,53,704.0,26,1,2357,2025-06-18
2025-06-18 10:02:35.634933,704.0,1,703.0,53,704.0,28,1,2357,2025-06-18
2025-06-18 10:02:39.066726,704.0,1,703.0,53,704.0,27,1,2357,2025-06-18
2025-06-18 10:02:40.392898,703.0,1,703.0,52,704.0,27,2,2357,2025-06-18
2025-06-18 10:02:58.730951,703.0,1,703.0,53,704.0,27,2,2357,2025-06-18
2025-06-18 10:03:12.341628,704.0,1,703.0,53,704.0,26,1,2357,2025-06-18
2025-06-18 10:03:20.395159,704.0,1,703.0,53,704.0,26,1,2357,2025-06-18
2025-06-18 10:03:28.030808,704.0,1,703.0,53,704.0,25,1,2357,2025-06-18
2025-06-18 10:03:38.282862,704.0,1,703.0,54,704.0,24,1,2357,2025-06-18
2025-06-18 10:03:42.533151,704.0,1,703.0,54,704.0,20,1,2357,2025-06-18
2025-06-18 10:03:46.727937,703.0,1,703.0,53,704.0,20,2,2357,2025-06-18
2025-06-18 10:03:51.537695,703.0,1,703.0,52,704.0,21,2,2357,2025-06-18
2025-06-18 10:04:08.486082,703.0,1,703.0,51,704.0,21,2,2357,2025-06-18
2025-06-18 10:04:17.040895,704.0,1,703.0,52,704.0,20,1,2357,2025-06-18
2025-06-18 10:04:32.774241,704.0,1,703.0,53,704.0,24,1,2357,2025-06-18
2025-06-18 10:04:49.632189,704.0,1,703.0,62,704.0,20,1,2357,2025-06-18
2025-06-18 10:05:03.207505,704.0,1,703.0,65,704.0,20,1,2357,2025-06-18
2025-06-18 10:05:04.391890,703.0,1,703.0,64,704.0,20,2,2357,2025-06-18
2025-06-18 10:05:06.039853,704.0,1,703.0,64,704.0,19,1,2357,2025-06-18
2025-06-18 10:05:16.781794,704.0,2,703.0,64,704.0,19,1,2357,2025-06-18
2025-06-18 10:05:18.190345,703.0,1,703.0,63,704.0,20,2,2357,2025-06-18
2025-06-18 10:05:20.902412,703.0,2,703.0,63,704.0,23,2,2357,2025-06-18
2025-06-18 10:05:21.215007,704.0,1,703.0,64,704.0,22,1,2357,2025-06-18
2025-06-18 10:05:21.598709,704.0,1,703.0,64,704.0,21,1,2357,2025-06-18
2025-06-18 10:05:55.051495,704.0,1,703.0,64,704.0,19,1,2357,2025-06-18
2025-06-18 10:05:55.171294,703.0,1,703.0,63,704.0,18,2,2357,2025-06-18
2025-06-18 10:06:01.122639,703.0,1,703.0,62,704.0,18,2,2357,2025-06-18
2025-06-18 10:06:16.290281,703.0,1,703.0,61,704.0,23,2,2357,2025-06-18
2025-06-18 10:06:18.638369,704.0,1,703.0,61,704.0,23,1,2357,2025-06-18
2025-06-18 10:06:20.053852,704.0,1,703.0,61,704.0,23,1,2357,2025-06-18
2025-06-18 10:06:28.033688,703.0,1,703.0,60,704.0,23,2,2357,2025-06-18
2025-06-18 10:06:44.038542,704.0,1,703.0,60,704.0,22,1,2357,2025-06-18
2025-06-18 10:06:50.521916,704.0,1,703.0,60,704.0,21,1,2357,2025-06-18
2025-06-18 10:07:07.841391,704.0,1,703.0,61,704.0,17,1,2357,2025-06-18
2025-06-18 10:07:07.906103,704.0,2,703.0,61,704.0,15,1,2357,2025-06-18
2025-06-18 10:07:28.398040,703.0,1,703.0,60,704.0,16,2,2357,2025-06-18
2025-06-18 10:07:33.037140,704.0,1,703.0,60,704.0,15,1,2357,2025-06-18
2025-06-18 10:07:37.761919,703.0,1,703.0,59,704.0,15,2,2357,2025-06-18
2025-06-18 10:07:47.637835,704.0,1,703.0,59,704.0,15,1,2357,2025-06-18
2025-06-18 10:08:05.249171,703.0,2,703.0,57,704.0,15,2,2357,2025-06-18
2025-06-18 10:08:22.037070,704.0,1,703.0,61,704.0,14,1,2357,2025-06-18
2025-06-18 10:08:22.620975,703.0,1,703.0,60,704.0,14,2,2357,2025-06-18
2025-06-18 10:08:42.969425,704.0,2,703.0,61,704.0,12,1,2357,2025-06-18
2025-06-18 10:08:47.508306,703.0,1,703.0,60,704.0,13,2,2357,2025-06-18
2025-06-18 10:09:05.502761,704.0,1,703.0,61,704.0,12,1,2357,2025-06-18
2025-06-18 10:09:11.045517,704.0,1,703.0,61,704.0,11,1,2357,2025-06-18
2025-06-18 10:09:45.333468,704.0,2,703.0,62,704.0,9,1,2357,2025-06-18
2025-06-18 10:09:45.395685,704.0,2,703.0,60,704.0,9,1,2357,2025-06-18
2025-06-18 10:09:45.463563,704.0,2,703.0,60,704.0,5,1,2357,2025-06-18
2025-06-18 10:09:49.309460,704.0,1,703.0,60,704.0,4,1,2357,2025-06-18
2025-06-18 10:09:52.398938,703.0,1,703.0,59,704.0,4,2,2357,2025-06-18
2025-06-18 10:09:57.384181,703.0,1,703.0,58,704.0,4,2,2357,2025-06-18
2025-06-18 10:09:58.519225,704.0,1,703.0,58,704.0,3,1,2357,2025-06-18
2025-06-18 10:10:00.012426,703.0,1,703.0,57,704.0,3,2,2357,2025-06-18
2025-06-18 10:10:00.042978,704.0,1,703.0,57,704.0,2,1,2357,2025-06-18
2025-06-18 10:10:01.638451,704.0,1,703.0,57,704.0,1,1,2357,2025-06-18
2025-06-18 10:10:14.770472,704.0,1,703.0,61,705.0,17,1,2357,2025-06-18
2025-06-18 10:10:32.851023,704.0,2,703.0,61,704.0,4,1,2357,2025-06-18
2025-06-18 10:10:32.890441,704.0,2,703.0,61,704.0,2,1,2357,2025-06-18
2025-06-18 10:10:49.042135,704.0,1,703.0,62,705.0,31,1,2357,2025-06-18
2025-06-18 10:10:51.909990,705.0,1,703.0,65,705.0,30,1,2357,2025-06-18
2025-06-18 10:11:07.073140,703.0,1,703.0,64,705.0,30,2,2357,2025-06-18
2025-06-18 10:11:30.639552,705.0,1,703.0,61,705.0,30,1,2357,2025-06-18
2025-06-18 10:11:38.052552,705.0,1,703.0,61,705.0,29,1,2357,2025-06-18
2025-06-18 10:11:57.415252,705.0,1,703.0,61,705.0,28,1,2357,2025-06-18
2025-06-18 10:12:05.924811,705.0,4,704.0,3,705.0,13,1,2357,2025-06-18
2025-06-18 10:12:16.401188,704.0,1,704.0,12,705.0,14,2,2357,2025-06-18
2025-06-18 10:12:16.731462,704.0,1,704.0,11,705.0,14,2,2357,2025-06-18
2025-06-18 10:12:27.051652,705.0,1,704.0,19,705.0,13,1,2357,2025-06-18
2025-06-18 10:12:54.108291,704.0,1,704.0,29,705.0,15,2,2357,2025-06-18
2025-06-18 10:12:56.504333,705.0,4,704.0,29,705.0,11,1,2357,2025-06-18
2025-06-18 10:12:57.992968,705.0,5,704.0,34,705.0,7,1,2357,2025-06-18
2025-06-18 10:12:59.642107,705.0,1,704.0,34,705.0,6,1,2357,2025-06-18
2025-06-18 10:13:06.520890,705.0,1,704.0,39,705.0,5,1,2357,2025-06-18
2025-06-18 10:13:06.583788,705.0,2,704.0,39,705.0,3,1,2357,2025-06-18
2025-06-18 10:13:14.010350,705.0,1,704.0,35,705.0,3,1,2357,2025-06-18
2025-06-18 10:13:16.061129,705.0,1,704.0,35,705.0,2,1,2357,2025-06-18
2025-06-18 10:13:26.526673,704.0,1,704.0,39,705.0,3,2,2357,2025-06-18
2025-06-18 10:13:30.347292,705.0,1,704.0,39,705.0,2,1,2357,2025-06-18
2025-06-18 10:13:38.228317,705.0,1,704.0,41,705.0,1,1,2357,2025-06-18
2025-06-18 10:13:40.764554,705.0,1,704.0,44,706.0,12,1,2357,2025-06-18
2025-06-18 10:14:05.059520,706.0,1,705.0,36,706.0,14,1,2357,2025-06-18
2025-06-18 10:14:11.450319,706.0,1,705.0,36,706.0,13,1,2357,2025-06-18
2025-06-18 10:14:30.600939,706.0,1,705.0,37,706.0,26,1,2357,2025-06-18
2025-06-18 10:14:31.806177,705.0,1,705.0,36,706.0,23,2,2357,2025-06-18
2025-06-18 10:14:36.376956,705.0,1,705.0,35,706.0,26,2,2357,2025-06-18
2025-06-18 10:14:39.400997,705.0,1,705.0,44,706.0,24,2,2357,2025-06-18
2025-06-18 10:14:41.301560,705.0,1,705.0,43,706.0,24,2,2357,2025-06-18
2025-06-18 10:14:54.058589,706.0,1,705.0,44,706.0,22,1,2357,2025-06-18
2025-06-18 10:15:12.646439,706.0,1,705.0,46,706.0,20,1,2357,2025-06-18
2025-06-18 10:15:13.371783,705.0,1,705.0,45,706.0,20,2,2357,2025-06-18
2025-06-18 10:15:23.052145,706.0,1,705.0,45,706.0,22,1,2357,2025-06-18
2025-06-18 10:15:33.373701,706.0,1,705.0,45,706.0,21,1,2357,2025-06-18
2025-06-18 10:15:43.057463,706.0,1,705.0,45,706.0,22,1,2357,2025-06-18
2025-06-18 10:15:46.146883,705.0,1,705.0,44,706.0,22,2,2357,2025-06-18
2025-06-18 10:16:02.202565,705.0,1,705.0,43,706.0,29,2,2357,2025-06-18
2025-06-18 10:16:02.226451,705.0,29,705.0,14,706.0,28,2,2357,2025-06-18
2025-06-18 10:16:02.250033,705.0,2,705.0,12,706.0,30,2,2357,2025-06-18
2025-06-18 10:16:02.250093,705.0,1,705.0,11,706.0,29,2,2357,2025-06-18
2025-06-18 10:16:02.250163,705.0,11,704.0,29,706.0,29,2,2357,2025-06-18
2025-06-18 10:16:02.288721,705.0,6,704.0,29,705.0,4,1,2357,2025-06-18
2025-06-18 10:16:04.457379,704.0,7,704.0,19,705.0,4,2,2357,2025-06-18
2025-06-18 10:16:06.743006,704.0,2,704.0,17,705.0,10,2,2357,2025-06-18
2025-06-18 10:16:15.639699,704.0,1,704.0,16,705.0,16,2,2357,2025-06-18
2025-06-18 10:16:16.387068,704.0,5,704.0,11,705.0,16,2,2357,2025-06-18
2025-06-18 10:16:22.973114,704.0,1,704.0,13,705.0,17,2,2357,2025-06-18
2025-06-18 10:16:27.812062,705.0,1,704.0,13,705.0,16,1,2357,2025-06-18
2025-06-18 10:16:32.108168,705.0,1,704.0,13,705.0,15,1,2357,2025-06-18
2025-06-18 10:16:54.976440,704.0,1,704.0,13,705.0,12,2,2357,2025-06-18
2025-06-18 10:16:57.208945,704.0,1,704.0,12,705.0,12,2,2357,2025-06-18
2025-06-18 10:17:00.130272,704.0,1,704.0,11,705.0,12,2,2357,2025-06-18
2025-06-18 10:17:03.395742,704.0,1,704.0,10,705.0,12,2,2357,2025-06-18
2025-06-18 10:17:03.404318,704.0,1,704.0,9,705.0,12,2,2357,2025-06-18
2025-06-18 10:17:06.034254,704.0,1,704.0,12,705.0,19,2,2357,2025-06-18
2025-06-18 10:17:10.752417,703.0,13,703.0,23,704.0,15,2,2357,2025-06-18
2025-06-18 10:17:18.759534,703.0,1,703.0,22,704.0,17,2,2357,2025-06-18
2025-06-18 10:17:21.051676,704.0,1,703.0,22,704.0,16,1,2357,2025-06-18
2025-06-18 10:17:24.612275,703.0,1,703.0,21,704.0,16,2,2357,2025-06-18
2025-06-18 10:17:28.823969,703.0,1,703.0,20,704.0,17,2,2357,2025-06-18
2025-06-18 10:17:29.038969,703.0,1,703.0,19,704.0,17,2,2357,2025-06-18
2025-06-18 10:17:29.149593,703.0,2,703.0,17,704.0,18,2,2357,2025-06-18
2025-06-18 10:17:31.594044,703.0,1,703.0,16,704.0,21,2,2357,2025-06-18
2025-06-18 10:17:34.988756,703.0,1,703.0,15,704.0,21,2,2357,2025-06-18
2025-06-18 10:17:35.078201,703.0,1,703.0,14,704.0,21,2,2357,2025-06-18
2025-06-18 10:17:35.110806,703.0,5,703.0,9,704.0,21,2,2357,2025-06-18
2025-06-18 10:17:35.146961,703.0,1,703.0,8,704.0,22,2,2357,2025-06-18
2025-06-18 10:17:35.148534,703.0,1,703.0,7,704.0,21,2,2357,2025-06-18
2025-06-18 10:17:35.181170,703.0,7,702.0,17,704.0,21,2,2357,2025-06-18
2025-06-18 10:17:47.659358,703.0,2,702.0,16,703.0,3,1,2357,2025-06-18
2025-06-18 10:18:06.617804,702.0,1,702.0,16,703.0,8,2,2357,2025-06-18
2025-06-18 10:18:07.727272,702.0,3,702.0,13,703.0,8,2,2357,2025-06-18
2025-06-18 10:18:10.063469,703.0,1,702.0,13,703.0,7,1,2357,2025-06-18
2025-06-18 10:18:10.962154,703.0,1,702.0,13,703.0,6,1,2357,2025-06-18
2025-06-18 10:18:23.863741,703.0,3,702.0,15,703.0,3,1,2357,2025-06-18
2025-06-18 10:18:29.978784,703.0,1,702.0,15,703.0,59,1,2357,2025-06-18
2025-06-18 10:19:00.048133,703.0,1,702.0,15,703.0,59,1,2357,2025-06-18
2025-06-18 10:19:16.027285,702.0,1,702.0,14,703.0,59,2,2357,2025-06-18
2025-06-18 10:19:17.397605,702.0,1,702.0,13,703.0,59,2,2357,2025-06-18
2025-06-18 10:19:23.398643,703.0,1,702.0,14,703.0,55,1,2357,2025-06-18
2025-06-18 10:19:27.393468,702.0,1,702.0,13,703.0,55,2,2357,2025-06-18
2025-06-18 10:19:42.845571,702.0,5,702.0,8,703.0,55,2,2357,2025-06-18
2025-06-18 10:19:46.943505,702.0,1,702.0,7,703.0,55,2,2357,2025-06-18
2025-06-18 10:19:50.056188,703.0,1,702.0,7,703.0,54,1,2357,2025-06-18
2025-06-18 10:20:07.314038,702.0,2,702.0,7,703.0,54,2,2357,2025-06-18
2025-06-18 10:20:24.635476,703.0,1,702.0,7,703.0,55,1,2357,2025-06-18
2025-06-18 10:20:28.161752,702.0,1,702.0,6,703.0,55,2,2357,2025-06-18
2025-06-18 10:20:40.062777,703.0,1,702.0,7,703.0,54,1,2357,2025-06-18
2025-06-18 10:21:05.282463,702.0,7,701.0,25,703.0,57,2,2357,2025-06-18
2025-06-18 10:21:30.056683,702.0,1,701.0,23,702.0,9,1,2357,2025-06-18
2025-06-18 10:21:33.798373,702.0,1,701.0,23,702.0,8,1,2357,2025-06-18
2025-06-18 10:21:39.955587,701.0,1,701.0,22,702.0,9,2,2357,2025-06-18
2025-06-18 10:21:51.392939,701.0,1,701.0,22,702.0,10,2,2357,2025-06-18
2025-06-18 10:21:53.636505,702.0,1,701.0,22,702.0,10,1,2357,2025-06-18
2025-06-18 10:21:56.117892,701.0,1,701.0,21,702.0,10,2,2357,2025-06-18
2025-06-18 10:22:20.051170,702.0,1,701.0,31,702.0,9,1,2357,2025-06-18
2025-06-18 10:22:20.080730,702.0,9,701.0,32,703.0,35,1,2357,2025-06-18
2025-06-18 10:22:42.392859,703.0,2,702.0,23,703.0,33,1,2357,2025-06-18
2025-06-18 10:22:43.688764,703.0,1,702.0,23,703.0,32,1,2357,2025-06-18
2025-06-18 10:22:50.703653,702.0,1,702.0,22,703.0,32,2,2357,2025-06-18
2025-06-18 10:23:10.058802,703.0,1,702.0,26,703.0,32,1,2357,2025-06-18
2025-06-18 10:23:21.877180,703.0,9,702.0,26,703.0,22,1,2357,2025-06-18
2025-06-18 10:23:22.642064,703.0,1,702.0,30,703.0,22,1,2357,2025-06-18
2025-06-18 10:23:22.663751,703.0,9,702.0,30,703.0,13,1,2357,2025-06-18
2025-06-18 10:23:42.613263,703.0,1,702.0,36,703.0,12,1,2357,2025-06-18
2025-06-18 10:23:42.643575,703.0,12,702.0,36,704.0,10,1,2357,2025-06-18
2025-06-18 10:23:49.086749,703.0,1,703.0,15,704.0,6,2,2357,2025-06-18
2025-06-18 10:23:49.629159,704.0,6,703.0,18,705.0,4,1,2357,2025-06-18
2025-06-18 10:24:00.053788,705.0,1,704.0,3,705.0,4,1,2357,2025-06-18
2025-06-18 10:24:01.421484,704.0,1,704.0,3,705.0,4,2,2357,2025-06-18
2025-06-18 10:24:15.396540,704.0,1,704.0,11,705.0,4,2,2357,2025-06-18
2025-06-18 10:24:30.869007,705.0,1,704.0,12,705.0,3,1,2357,2025-06-18
2025-06-18 10:24:34.727299,704.0,1,704.0,11,705.0,3,2,2357,2025-06-18
2025-06-18 10:24:46.706003,705.0,1,704.0,11,705.0,2,1,2357,2025-06-18
2025-06-18 10:24:50.060866,705.0,1,704.0,11,705.0,1,1,2357,2025-06-18
2025-06-18 10:25:07.086412,704.0,12,703.0,18,704.0,8,2,2357,2025-06-18
2025-06-18 10:25:07.355885,703.0,2,703.0,10,704.0,9,2,2357,2025-06-18
2025-06-18 10:25:08.496703,703.0,2,703.0,6,704.0,9,2,2357,2025-06-18
2025-06-18 10:25:13.148927,703.0,1,703.0,5,704.0,9,2,2357,2025-06-18
2025-06-18 10:25:35.059484,703.0,1,703.0,7,704.0,12,2,2357,2025-06-18
2025-06-18 10:25:36.641654,704.0,1,703.0,7,704.0,11,1,2357,2025-06-18
2025-06-18 10:25:40.096783,704.0,1,703.0,7,704.0,10,1,2357,2025-06-18
2025-06-18 10:26:24.007657,703.0,1,703.0,35,704.0,15,2,2357,2025-06-18
2025-06-18 10:26:26.455692,703.0,1,703.0,34,704.0,15,2,2357,2025-06-18
2025-06-18 10:26:30.051461,704.0,1,703.0,34,704.0,14,1,2357,2025-06-18
2025-06-18 10:26:38.404494,703.0,1,703.0,33,704.0,14,2,2357,2025-06-18
2025-06-18 10:26:39.578316,703.0,1,703.0,32,704.0,15,2,2357,2025-06-18
2025-06-18 10:27:05.634627,704.0,1,703.0,34,704.0,23,1,2357,2025-06-18
2025-06-18 10:27:16.405011,704.0,1,703.0,35,704.0,22,1,2357,2025-06-18
2025-06-18 10:27:20.070430,704.0,1,703.0,35,704.0,21,1,2357,2025-06-18
2025-06-18 10:27:34.765953,703.0,1,703.0,42,704.0,18,2,2357,2025-06-18
2025-06-18 10:27:40.703132,703.0,1,703.0,41,704.0,19,2,2357,2025-06-18
2025-06-18 10:28:10.052413,704.0,1,703.0,45,704.0,19,1,2357,2025-06-18
2025-06-18 10:28:45.019698,703.0,1,703.0,44,704.0,20,2,2357,2025-06-18
2025-06-18 10:28:45.494779,703.0,1,703.0,43,704.0,20,2,2357,2025-06-18
2025-06-18 10:29:00.047605,704.0,1,703.0,44,704.0,19,1,2357,2025-06-18
2025-06-18 10:29:02.010553,703.0,1,703.0,43,704.0,19,2,2357,2025-06-18
2025-06-18 10:29:02.404975,703.0,1,703.0,42,704.0,19,2,2357,2025-06-18
2025-06-18 10:29:03.880447,703.0,1,703.0,44,704.0,24,2,2357,2025-06-18
2025-06-18 10:29:26.770645,703.0,3,703.0,41,704.0,24,2,2357,2025-06-18
2025-06-18 10:29:43.286001,703.0,1,703.0,40,704.0,29,2,2357,2025-06-18
2025-06-18 10:29:50.053699,704.0,1,703.0,40,704.0,28,1,2357,2025-06-18
2025-06-18 10:29:57.161111,703.0,1,703.0,39,704.0,28,2,2357,2025-06-18
2025-06-18 10:30:40.038581,704.0,1,703.0,41,704.0,21,1,2357,2025-06-18
2025-06-18 10:30:57.710223,703.0,1,703.0,62,704.0,20,2,2357,2025-06-18
2025-06-18 10:31:07.961025,703.0,1,703.0,63,704.0,21,2,2357,2025-06-18
2025-06-18 10:31:26.401050,703.0,1,703.0,62,704.0,22,2,2357,2025-06-18
2025-06-18 10:31:30.055195,704.0,1,703.0,62,704.0,22,1,2357,2025-06-18
2025-06-18 10:31:49.207288,704.0,1,703.0,63,704.0,22,1,2357,2025-06-18
2025-06-18 10:32:00.756131,704.0,1,703.0,63,704.0,21,1,2357,2025-06-18
2025-06-18 10:32:16.631345,704.0,1,703.0,65,704.0,21,1,2357,2025-06-18
2025-06-18 10:32:18.760311,703.0,1,703.0,64,704.0,21,2,2357,2025-06-18
2025-06-18 10:32:20.061677,704.0,1,703.0,64,704.0,20,1,2357,2025-06-18
2025-06-18 10:32:52.779660,704.0,1,703.0,68,704.0,24,1,2357,2025-06-18
2025-06-18 10:32:53.606216,704.0,1,703.0,68,704.0,23,1,2357,2025-06-18
2025-06-18 10:33:10.057087,704.0,1,703.0,68,704.0,22,1,2357,2025-06-18
2025-06-18 10:33:29.586349,703.0,1,703.0,67,704.0,22,2,2357,2025-06-18
2025-06-18 10:33:45.639651,704.0,1,703.0,67,704.0,28,1,2357,2025-06-18
2025-06-18 10:33:50.404771,703.0,1,703.0,66,704.0,29,2,2357,2025-06-18
2025-06-18 10:34:00.042662,704.0,1,703.0,68,704.0,31,1,2357,2025-06-18
2025-06-18 10:34:00.051427,704.0,1,703.0,68,704.0,30,1,2357,2025-06-18
2025-06-18 10:34:41.323701,703.0,1,703.0,71,704.0,34,2,2357,2025-06-18
2025-06-18 10:34:50.082574,704.0,1,703.0,71,704.0,33,1,2357,2025-06-18
2025-06-18 10:34:56.439143,704.0,1,703.0,71,704.0,32,1,2357,2025-06-18
2025-06-18 10:35:27.401632,704.0,1,703.0,72,704.0,33,1,2357,2025-06-18
2025-06-18 10:35:29.214469,703.0,1,703.0,74,704.0,30,2,2357,2025-06-18
2025-06-18 10:35:40.042429,704.0,1,703.0,75,704.0,29,1,2357,2025-06-18
2025-06-18 10:35:45.832161,704.0,1,703.0,73,704.0,27,1,2357,2025-06-18
2025-06-18 10:35:54.069691,703.0,1,703.0,72,704.0,27,2,2357,2025-06-18
2025-06-18 10:35:59.635424,704.0,1,703.0,72,704.0,26,1,2357,2025-06-18
2025-06-18 10:36:10.183073,704.0,1,703.0,72,704.0,25,1,2357,2025-06-18
2025-06-18 10:36:14.402858,703.0,1,703.0,71,704.0,25,2,2357,2025-06-18
2025-06-18 10:36:21.871013,704.0,1,703.0,72,704.0,24,1,2357,2025-06-18
2025-06-18 10:36:21.923709,703.0,1,703.0,71,704.0,24,2,2357,2025-06-18
2025-06-18 10:36:27.155867,704.0,1,703.0,72,704.0,23,1,2357,2025-06-18
2025-06-18 10:36:30.061729,704.0,1,703.0,72,704.0,23,1,2357,2025-06-18
2025-06-18 10:36:43.873503,704.0,1,703.0,71,704.0,22,1,2357,2025-06-18
2025-06-18 10:37:05.386135,704.0,1,703.0,70,704.0,24,1,2357,2025-06-18
2025-06-18 10:37:05.892162,703.0,1,703.0,69,704.0,24,2,2357,2025-06-18
2025-06-18 10:37:16.571545,704.0,1,703.0,70,704.0,22,1,2357,2025-06-18
2025-06-18 10:37:20.045419,704.0,1,703.0,70,704.0,21,1,2357,2025-06-18
2025-06-18 10:37:21.386975,704.0,1,703.0,70,704.0,20,1,2357,2025-06-18
2025-06-18 10:37:28.637719,704.0,1,703.0,70,704.0,21,1,2357,2025-06-18
2025-06-18 10:37:57.905534,704.0,1,703.0,70,704.0,22,1,2357,2025-06-18
2025-06-18 10:38:08.529422,704.0,1,703.0,69,704.0,23,1,2357,2025-06-18
2025-06-18 10:38:08.597046,703.0,1,703.0,68,704.0,23,2,2357,2025-06-18
2025-06-18 10:38:10.040198,704.0,1,703.0,68,704.0,22,1,2357,2025-06-18
2025-06-18 10:38:18.655590,703.0,1,703.0,67,704.0,24,2,2357,2025-06-18
2025-06-18 10:38:37.397515,703.0,1,703.0,67,704.0,26,2,2357,2025-06-18
2025-06-18 10:38:57.633522,704.0,1,703.0,69,704.0,26,1,2357,2025-06-18
2025-06-18 10:39:00.059095,704.0,1,703.0,69,704.0,27,1,2357,2025-06-18
2025-06-18 10:39:00.189147,703.0,1,703.0,68,704.0,26,2,2357,2025-06-18
2025-06-18 10:39:20.091957,703.0,1,703.0,67,704.0,27,2,2357,2025-06-18
2025-06-18 10:39:31.437091,703.0,1,703.0,67,704.0,29,2,2357,2025-06-18
2025-06-18 10:39:50.043318,704.0,1,703.0,68,704.0,35,1,2357,2025-06-18
2025-06-18 10:39:59.705975,703.0,1,703.0,68,704.0,34,2,2357,2025-06-18
2025-06-18 10:40:40.048830,704.0,1,703.0,73,704.0,32,1,2357,2025-06-18
2025-06-18 10:40:44.251568,703.0,1,703.0,72,704.0,33,2,2357,2025-06-18
2025-06-18 10:40:54.593154,704.0,1,703.0,72,704.0,32,1,2357,2025-06-18
2025-06-18 10:41:00.998373,704.0,1,703.0,70,704.0,30,1,2357,2025-06-18
2025-06-18 10:41:01.385476,703.0,1,703.0,69,704.0,30,2,2357,2025-06-18
2025-06-18 10:41:11.632828,704.0,1,703.0,69,704.0,29,1,2357,2025-06-18
2025-06-18 10:41:15.015531,703.0,1,703.0,68,704.0,29,2,2357,2025-06-18
2025-06-18 10:41:16.528773,704.0,1,703.0,68,704.0,28,1,2357,2025-06-18
2025-06-18 10:41:30.043157,704.0,1,703.0,71,704.0,24,1,2357,2025-06-18
2025-06-18 10:41:30.116082,704.0,2,703.0,71,704.0,22,1,2357,2025-06-18
2025-06-18 10:41:37.925871,704.0,1,703.0,71,704.0,22,1,2357,2025-06-18
2025-06-18 10:41:40.669088,704.0,22,703.0,71,705.0,16,1,2357,2025-06-18
2025-06-18 10:41:45.386173,704.0,1,704.0,11,705.0,14,2,2357,2025-06-18
2025-06-18 10:41:56.033759,704.0,1,704.0,9,705.0,15,2,2357,2025-06-18
2025-06-18 10:41:57.865982,704.0,7,704.0,7,705.0,17,2,2357,2025-06-18
2025-06-18 10:42:05.606731,704.0,1,703.0,71,705.0,33,1,2357,2025-06-18
2025-06-18 10:42:11.205984,704.0,1,703.0,71,705.0,34,1,2357,2025-06-18
2025-06-18 10:42:20.038565,705.0,1,703.0,74,705.0,35,1,2357,2025-06-18
2025-06-18 10:42:40.634789,705.0,1,703.0,71,705.0,37,1,2357,2025-06-18
2025-06-18 10:43:06.850544,704.0,2,704.0,1,705.0,33,2,2357,2025-06-18
2025-06-18 10:43:07.766175,704.0,1,704.0,1,705.0,33,2,2357,2025-06-18
2025-06-18 10:43:08.721518,704.0,1,703.0,65,705.0,33,2,2357,2025-06-18
2025-06-18 10:43:10.046322,705.0,1,703.0,65,705.0,33,1,2357,2025-06-18
2025-06-18 10:43:13.406042,705.0,1,703.0,72,705.0,33,1,2357,2025-06-18
2025-06-18 10:43:25.382086,703.0,1,703.0,71,704.0,3,2,2357,2025-06-18
2025-06-18 10:43:43.598823,704.0,1,703.0,74,704.0,4,1,2357,2025-06-18
2025-06-18 10:43:45.099848,704.0,3,703.0,74,704.0,7,1,2357,2025-06-18
2025-06-18 10:44:00.052166,704.0,1,703.0,75,704.0,4,1,2357,2025-06-18
2025-06-18 10:44:01.492259,704.0,1,703.0,75,704.0,3,1,2357,2025-06-18
2025-06-18 10:44:09.250370,704.0,1,703.0,75,704.0,2,1,2357,2025-06-18
2025-06-18 10:44:09.633548,704.0,1,703.0,75,704.0,1,1,2357,2025-06-18
2025-06-18 10:44:11.792690,704.0,1,703.0,83,705.0,29,1,2357,2025-06-18
2025-06-18 10:44:21.465969,704.0,1,704.0,3,705.0,21,2,2357,2025-06-18
2025-06-18 10:44:39.071688,705.0,1,704.0,8,705.0,25,1,2357,2025-06-18
2025-06-18 10:44:50.058444,705.0,1,704.0,21,705.0,26,1,2357,2025-06-18
2025-06-18 10:45:22.657494,705.0,1,704.0,27,705.0,26,1,2357,2025-06-18
2025-06-18 10:45:27.330893,705.0,1,704.0,28,705.0,25,1,2357,2025-06-18
2025-06-18 10:45:31.472584,705.0,1,704.0,29,705.0,24,1,2357,2025-06-18
2025-06-18 10:45:34.297330,704.0,1,704.0,28,705.0,24,2,2357,2025-06-18
2025-06-18 10:45:36.524047,704.0,1,704.0,27,705.0,24,2,2357,2025-06-18
2025-06-18 10:45:40.042580,705.0,1,704.0,27,705.0,23,1,2357,2025-06-18
2025-06-18 10:45:49.379443,704.0,1,704.0,26,705.0,24,2,2357,2025-06-18
2025-06-18 10:46:20.861363,705.0,1,704.0,27,705.0,29,1,2357,2025-06-18
2025-06-18 10:46:30.037805,705.0,1,704.0,27,705.0,28,1,2357,2025-06-18
2025-06-18 10:46:47.000578,704.0,1,704.0,26,705.0,32,2,2357,2025-06-18
2025-06-18 10:47:07.218848,705.0,1,704.0,27,705.0,36,1,2357,2025-06-18
2025-06-18 10:47:20.031509,705.0,1,704.0,28,705.0,31,1,2357,2025-06-18
2025-06-18 10:47:51.626279,705.0,1,704.0,32,705.0,27,1,2357,2025-06-18
2025-06-18 10:47:59.658395,704.0,1,704.0,33,705.0,28,2,2357,2025-06-18
2025-06-18 10:48:10.027669,705.0,1,704.0,33,705.0,27,1,2357,2025-06-18
2025-06-18 10:48:13.373265,704.0,1,704.0,32,705.0,27,2,2357,2025-06-18
2025-06-18 10:48:37.969468,705.0,1,704.0,37,705.0,33,1,2357,2025-06-18
2025-06-18 10:49:00.047298,705.0,1,704.0,43,705.0,31,1,2357,2025-06-18
2025-06-18 10:49:01.443574,705.0,1,704.0,43,705.0,28,1,2357,2025-06-18
2025-06-18 10:49:12.420768,704.0,1,704.0,42,705.0,28,2,2357,2025-06-18
2025-06-18 10:49:32.358671,705.0,1,704.0,43,705.0,28,1,2357,2025-06-18
2025-06-18 10:49:50.051304,705.0,1,704.0,44,705.0,36,1,2357,2025-06-18
2025-06-18 10:49:56.894617,705.0,1,704.0,44,705.0,35,1,2357,2025-06-18
2025-06-18 10:50:00.051330,705.0,1,704.0,44,705.0,32,1,2357,2025-06-18
2025-06-18 10:50:04.155705,705.0,1,704.0,44,705.0,30,1,2357,2025-06-18
2025-06-18 10:50:19.387455,705.0,1,704.0,47,705.0,25,1,2357,2025-06-18
2025-06-18 10:50:20.479861,705.0,1,704.0,47,705.0,24,1,2357,2025-06-18
2025-06-18 10:50:24.245428,704.0,1,704.0,50,705.0,24,2,2357,2025-06-18
2025-06-18 10:50:29.852644,705.0,1,704.0,50,705.0,24,1,2357,2025-06-18
2025-06-18 10:50:36.238642,705.0,3,704.0,54,705.0,21,1,2357,2025-06-18
2025-06-18 10:50:36.362875,704.0,1,704.0,53,705.0,21,2,2357,2025-06-18
2025-06-18 10:50:39.533351,705.0,1,704.0,53,705.0,20,1,2357,2025-06-18
2025-06-18 10:50:40.035706,705.0,1,704.0,53,705.0,19,1,2357,2025-06-18
2025-06-18 10:50:50.762284,704.0,1,704.0,54,705.0,18,2,2357,2025-06-18
2025-06-18 10:50:50.823361,705.0,5,704.0,54,705.0,13,1,2357,2025-06-18
2025-06-18 10:50:50.824640,705.0,2,704.0,54,705.0,11,1,2357,2025-06-18
2025-06-18 10:50:50.863641,705.0,1,704.0,54,705.0,10,1,2357,2025-06-18
2025-06-18 10:50:50.863767,705.0,1,704.0,54,705.0,9,1,2357,2025-06-18
2025-06-18 10:51:02.958502,705.0,3,704.0,57,705.0,4,1,2357,2025-06-18
2025-06-18 10:51:05.247103,705.0,3,704.0,61,705.0,1,1,2357,2025-06-18
2025-06-18 10:51:17.605296,705.0,1,704.0,61,706.0,14,1,2357,2025-06-18
2025-06-18 10:51:22.143736,705.0,3,704.0,60,706.0,37,2,2357,2025-06-18
2025-06-18 10:51:22.355393,705.0,5,704.0,56,705.0,7,1,2357,2025-06-18
2025-06-18 10:51:22.378887,704.0,2,704.0,54,705.0,2,2,2357,2025-06-18
2025-06-18 10:51:30.031074,705.0,1,704.0,59,705.0,6,1,2357,2025-06-18
2025-06-18 10:51:31.359849,705.0,1,704.0,59,705.0,6,1,2357,2025-06-18
2025-06-18 10:51:32.952508,705.0,1,704.0,59,705.0,6,1,2357,2025-06-18
2025-06-18 10:51:37.040841,704.0,1,704.0,58,705.0,7,2,2357,2025-06-18
2025-06-18 10:51:52.207223,704.0,5,704.0,58,705.0,27,2,2357,2025-06-18
2025-06-18 10:51:52.271967,704.0,32,704.0,21,705.0,32,2,2357,2025-06-18
2025-06-18 10:51:52.272470,704.0,2,704.0,23,705.0,32,2,2357,2025-06-18
2025-06-18 10:51:52.292112,704.0,2,704.0,21,705.0,32,2,2357,2025-06-18
2025-06-18 10:51:52.302006,704.0,1,704.0,20,705.0,33,2,2357,2025-06-18
2025-06-18 10:51:52.302128,704.0,2,704.0,18,705.0,32,2,2357,2025-06-18
2025-06-18 10:51:52.302791,704.0,8,704.0,10,705.0,32,2,2357,2025-06-18
2025-06-18 10:51:52.304789,704.0,10,703.0,56,705.0,32,2,2357,2025-06-18
2025-06-18 10:51:52.367291,704.0,2,703.0,56,704.0,4,1,2357,2025-06-18
2025-06-18 10:51:52.374732,704.0,2,703.0,56,704.0,6,1,2357,2025-06-18
2025-06-18 10:51:53.704445,703.0,7,703.0,44,704.0,4,2,2357,2025-06-18
2025-06-18 10:51:56.086081,703.0,1,703.0,43,704.0,6,2,2357,2025-06-18
2025-06-18 10:52:18.520514,703.0,1,703.0,42,704.0,9,2,2357,2025-06-18
2025-06-18 10:52:20.055195,704.0,1,703.0,42,704.0,8,1,2357,2025-06-18
2025-06-18 10:52:26.716348,704.0,1,703.0,42,704.0,7,1,2357,2025-06-18
2025-06-18 10:52:48.186742,704.0,1,703.0,42,704.0,7,1,2357,2025-06-18
2025-06-18 10:53:00.357182,703.0,1,703.0,41,704.0,10,2,2357,2025-06-18
2025-06-18 10:53:03.635651,704.0,1,703.0,41,704.0,10,1,2357,2025-06-18
2025-06-18 10:53:10.032036,704.0,1,703.0,41,704.0,9,1,2357,2025-06-18
2025-06-18 10:53:11.252241,703.0,1,703.0,40,704.0,9,2,2357,2025-06-18
2025-06-18 10:53:46.007400,703.0,1,703.0,43,704.0,12,2,2357,2025-06-18
2025-06-18 10:53:52.264947,703.0,1,703.0,42,704.0,15,2,2357,2025-06-18
2025-06-18 10:54:00.027961,704.0,1,703.0,42,704.0,14,1,2357,2025-06-18
2025-06-18 10:54:32.629352,704.0,1,703.0,43,704.0,20,1,2357,2025-06-18
2025-06-18 10:54:32.771710,704.0,1,703.0,43,704.0,19,1,2357,2025-06-18
2025-06-18 10:54:36.368287,704.0,1,703.0,43,704.0,18,1,2357,2025-06-18
2025-06-18 10:54:50.034984,704.0,1,703.0,44,704.0,19,1,2357,2025-06-18
2025-06-18 10:55:24.357434,703.0,1,703.0,45,704.0,21,2,2357,2025-06-18
2025-06-18 10:55:30.809641,704.0,1,703.0,46,704.0,20,1,2357,2025-06-18
2025-06-18 10:55:40.030305,704.0,1,703.0,47,704.0,21,1,2357,2025-06-18
2025-06-18 10:56:00.847771,703.0,1,703.0,46,704.0,26,2,2357,2025-06-18
2025-06-18 10:56:14.811856,703.0,3,703.0,43,704.0,29,2,2357,2025-06-18
2025-06-18 10:56:14.873478,703.0,8,703.0,34,704.0,32,2,2357,2025-06-18
2025-06-18 10:56:25.022908,703.0,3,703.0,31,704.0,39,2,2357,2025-06-18
2025-06-18 10:56:25.070863,703.0,3,703.0,28,704.0,39,2,2357,2025-06-18
2025-06-18 10:56:27.296667,703.0,1,703.0,26,704.0,40,2,2357,2025-06-18
2025-06-18 10:56:27.352067,703.0,5,703.0,21,704.0,40,2,2357,2025-06-18
2025-06-18 10:56:30.025444,704.0,1,703.0,21,704.0,39,1,2357,2025-06-18
2025-06-18 10:56:46.628380,704.0,1,703.0,23,704.0,36,1,2357,2025-06-18
2025-06-18 10:56:58.128934,703.0,1,703.0,23,704.0,34,2,2357,2025-06-18
2025-06-18 10:57:20.031620,704.0,1,703.0,25,704.0,33,1,2357,2025-06-18
2025-06-18 10:57:40.184700,703.0,1,703.0,24,704.0,35,2,2357,2025-06-18
2025-06-18 10:57:48.354332,703.0,1,703.0,26,704.0,37,2,2357,2025-06-18
2025-06-18 10:58:03.668671,703.0,1,703.0,25,704.0,38,2,2357,2025-06-18
2025-06-18 10:58:10.026307,704.0,1,703.0,26,704.0,37,1,2357,2025-06-18
2025-06-18 10:58:51.964610,703.0,1,703.0,25,704.0,40,2,2357,2025-06-18
2025-06-18 10:59:00.021559,704.0,1,703.0,25,704.0,42,1,2357,2025-06-18
2025-06-18 10:59:00.057143,703.0,22,703.0,3,704.0,42,2,2357,2025-06-18
2025-06-18 10:59:00.089725,703.0,3,702.0,24,704.0,46,2,2357,2025-06-18
2025-06-18 10:59:00.094622,704.0,2,702.0,24,704.0,54,1,2357,2025-06-18
2025-06-18 10:59:01.064626,702.0,4,702.0,22,703.0,15,2,2357,2025-06-18
2025-06-18 10:59:04.629408,702.0,1,702.0,21,703.0,17,2,2357,2025-06-18
2025-06-18 10:59:05.491422,703.0,1,702.0,19,703.0,16,1,2357,2025-06-18
2025-06-18 10:59:13.017354,703.0,10,702.0,21,703.0,7,1,2357,2025-06-18
2025-06-18 10:59:50.028780,703.0,1,702.0,24,703.0,12,1,2357,2025-06-18
2025-06-18 10:59:50.053593,702.0,2,702.0,22,703.0,12,2,2357,2025-06-18
2025-06-18 11:00:12.357890,702.0,1,702.0,21,703.0,17,2,2357,2025-06-18
2025-06-18 11:00:24.696702,702.0,1,702.0,21,703.0,20,2,2357,2025-06-18
2025-06-18 11:00:28.608321,703.0,1,702.0,21,703.0,22,1,2357,2025-06-18
2025-06-18 11:00:28.640131,703.0,1,702.0,21,703.0,21,1,2357,2025-06-18
2025-06-18 11:00:40.034679,703.0,1,702.0,21,703.0,17,1,2357,2025-06-18
2025-06-18 11:00:55.198208,702.0,4,702.0,17,703.0,18,2,2357,2025-06-18
2025-06-18 11:01:30.039640,703.0,1,702.0,18,703.0,25,1,2357,2025-06-18
2025-06-18 11:01:40.046898,703.0,1,702.0,18,703.0,22,1,2357,2025-06-18
2025-06-18 11:01:54.279138,703.0,1,702.0,18,703.0,17,1,2357,2025-06-18
2025-06-18 11:01:54.322955,703.0,1,702.0,18,703.0,16,1,2357,2025-06-18
2025-06-18 11:02:20.035709,703.0,1,702.0,18,703.0,22,1,2357,2025-06-18
2025-06-18 11:02:28.984531,702.0,1,702.0,17,703.0,23,2,2357,2025-06-18
2025-06-18 11:02:29.046924,702.0,1,702.0,16,703.0,22,2,2357,2025-06-18
2025-06-18 11:02:29.109443,702.0,1,702.0,15,703.0,22,2,2357,2025-06-18
2025-06-18 11:02:30.160999,702.0,1,702.0,13,703.0,30,2,2357,2025-06-18
2025-06-18 11:02:30.176001,703.0,1,702.0,13,703.0,29,1,2357,2025-06-18
2025-06-18 11:02:30.228871,702.0,1,702.0,14,703.0,26,2,2357,2025-06-18
2025-06-18 11:02:34.729520,702.0,1,702.0,12,703.0,26,2,2357,2025-06-18
2025-06-18 11:02:35.362098,702.0,1,702.0,11,703.0,26,2,2357,2025-06-18
2025-06-18 11:03:00.086952,702.0,1,702.0,10,703.0,28,2,2357,2025-06-18
2025-06-18 11:03:00.128522,703.0,1,702.0,10,703.0,27,1,2357,2025-06-18
2025-06-18 11:03:10.042956,703.0,1,702.0,13,703.0,24,1,2357,2025-06-18
2025-06-18 11:03:38.214076,703.0,1,702.0,14,703.0,21,1,2357,2025-06-18
2025-06-18 11:03:42.951539,702.0,1,702.0,14,703.0,22,2,2357,2025-06-18
2025-06-18 11:04:00.048272,703.0,1,702.0,14,703.0,21,1,2357,2025-06-18
2025-06-18 11:04:19.047275,703.0,1,702.0,13,703.0,22,1,2357,2025-06-18
2025-06-18 11:04:47.916850,703.0,2,702.0,15,703.0,22,1,2357,2025-06-18
2025-06-18 11:04:50.043786,703.0,1,702.0,15,703.0,21,1,2357,2025-06-18
2025-06-18 11:04:55.685313,702.0,1,702.0,14,703.0,21,2,2357,2025-06-18
2025-06-18 11:04:55.717097,703.0,1,702.0,13,703.0,20,1,2357,2025-06-18
2025-06-18 11:04:59.362525,702.0,1,702.0,12,703.0,20,2,2357,2025-06-18
2025-06-18 11:05:40.049152,703.0,1,702.0,15,703.0,18,1,2357,2025-06-18
2025-06-18 11:05:56.819532,703.0,1,702.0,15,703.0,17,1,2357,2025-06-18
2025-06-18 11:06:07.490817,702.0,1,702.0,14,703.0,17,2,2357,2025-06-18
2025-06-18 11:06:16.018450,702.0,1,702.0,13,703.0,17,2,2357,2025-06-18
2025-06-18 11:06:30.043324,703.0,1,702.0,13,703.0,16,1,2357,2025-06-18
2025-06-18 11:06:47.497917,703.0,2,702.0,15,703.0,17,1,2357,2025-06-18
2025-06-18 11:06:49.796090,703.0,1,702.0,15,703.0,11,1,2357,2025-06-18
2025-06-18 11:07:05.910964,702.0,1,702.0,14,703.0,17,2,2357,2025-06-18
2025-06-18 11:07:20.050607,703.0,1,702.0,14,703.0,17,1,2357,2025-06-18
2025-06-18 11:07:23.367712,702.0,1,702.0,13,703.0,18,2,2357,2025-06-18
2025-06-18 11:07:34.369925,703.0,1,702.0,13,703.0,17,1,2357,2025-06-18
2025-06-18 11:07:36.623133,702.0,2,702.0,11,703.0,17,2,2357,2025-06-18
2025-06-18 11:07:53.952514,702.0,3,702.0,8,703.0,27,2,2357,2025-06-18
2025-06-18 11:07:53.995329,702.0,2,702.0,5,703.0,27,2,2357,2025-06-18
2025-06-18 11:07:55.848519,702.0,5,701.0,29,703.0,32,2,2357,2025-06-18
2025-06-18 11:08:10.084316,702.0,1,701.0,29,702.0,12,1,2357,2025-06-18
2025-06-18 11:08:10.958179,702.0,1,701.0,29,702.0,11,1,2357,2025-06-18
2025-06-18 11:08:38.628348,702.0,1,701.0,28,702.0,16,1,2357,2025-06-18
2025-06-18 11:09:00.050424,702.0,1,701.0,28,702.0,21,1,2357,2025-06-18
2025-06-18 11:09:40.614558,702.0,1,701.0,30,702.0,22,1,2357,2025-06-18
2025-06-18 11:09:47.361037,701.0,1,701.0,29,702.0,22,2,2357,2025-06-18
2025-06-18 11:09:50.046347,702.0,1,701.0,29,702.0,21,1,2357,2025-06-18
2025-06-18 11:10:03.678552,702.0,6,701.0,29,702.0,16,1,2357,2025-06-18
2025-06-18 11:10:07.635291,702.0,1,701.0,33,702.0,15,1,2357,2025-06-18
2025-06-18 11:10:17.273976,702.0,2,701.0,38,702.0,15,1,2357,2025-06-18
2025-06-18 11:10:40.053287,702.0,1,701.0,44,702.0,18,1,2357,2025-06-18
2025-06-18 11:10:53.374919,702.0,1,701.0,45,702.0,18,1,2357,2025-06-18
2025-06-18 11:10:55.618911,701.0,1,701.0,44,702.0,18,2,2357,2025-06-18
2025-06-18 11:11:30.057421,702.0,1,701.0,44,702.0,21,1,2357,2025-06-18
2025-06-18 11:11:31.045227,702.0,1,701.0,44,702.0,20,1,2357,2025-06-18
2025-06-18 11:11:36.919045,701.0,1,701.0,43,702.0,20,2,2357,2025-06-18
2025-06-18 11:12:10.327189,701.0,1,701.0,44,702.0,21,2,2357,2025-06-18
2025-06-18 11:12:11.064025,702.0,1,701.0,44,702.0,20,1,2357,2025-06-18
2025-06-18 11:12:11.362081,701.0,1,701.0,43,702.0,20,2,2357,2025-06-18
2025-06-18 11:12:20.078265,702.0,1,701.0,52,702.0,19,1,2357,2025-06-18
2025-06-18 11:12:31.029184,701.0,1,701.0,51,702.0,19,2,2357,2025-06-18
2025-06-18 11:12:41.066614,702.0,1,701.0,52,702.0,19,1,2357,2025-06-18
2025-06-18 11:12:43.690485,702.0,1,701.0,52,702.0,16,1,2357,2025-06-18
2025-06-18 11:12:52.889276,701.0,1,701.0,56,702.0,18,2,2357,2025-06-18
2025-06-18 11:13:10.061751,702.0,1,701.0,56,702.0,17,1,2357,2025-06-18
2025-06-18 11:13:21.069810,702.0,1,701.0,56,702.0,16,1,2357,2025-06-18
2025-06-18 11:13:24.139439,701.0,1,701.0,57,702.0,16,2,2357,2025-06-18
2025-06-18 11:14:00.044686,702.0,1,701.0,57,702.0,16,1,2357,2025-06-18
2025-06-18 11:14:01.073128,702.0,1,701.0,57,702.0,15,1,2357,2025-06-18
2025-06-18 11:14:16.474210,702.0,1,701.0,61,702.0,14,1,2357,2025-06-18
2025-06-18 11:14:31.060057,702.0,1,701.0,62,702.0,14,1,2357,2025-06-18
2025-06-18 11:14:34.366360,701.0,1,701.0,61,702.0,14,2,2357,2025-06-18
2025-06-18 11:14:38.975416,701.0,1,701.0,61,702.0,15,2,2357,2025-06-18
2025-06-18 11:14:50.051146,702.0,1,701.0,61,702.0,15,1,2357,2025-06-18
2025-06-18 11:15:11.047809,702.0,1,701.0,61,702.0,18,1,2357,2025-06-18
2025-06-18 11:15:40.046916,702.0,1,701.0,61,702.0,18,1,2357,2025-06-18
2025-06-18 11:15:51.051113,702.0,1,701.0,62,702.0,17,1,2357,2025-06-18
2025-06-18 11:15:52.775393,701.0,1,701.0,61,702.0,17,2,2357,2025-06-18
2025-06-18 11:16:08.077098,701.0,1,701.0,60,702.0,17,2,2357,2025-06-18
2025-06-18 11:16:15.978044,701.0,1,701.0,59,702.0,16,2,2357,2025-06-18
2025-06-18 11:16:21.069136,702.0,1,701.0,60,702.0,15,1,2357,2025-06-18
2025-06-18 11:16:30.053600,702.0,1,701.0,60,702.0,14,1,2357,2025-06-18
2025-06-18 11:16:58.364556,701.0,1,701.0,59,702.0,20,2,2357,2025-06-18
2025-06-18 11:17:01.056945,702.0,1,701.0,59,702.0,19,1,2357,2025-06-18
2025-06-18 11:17:03.501759,702.0,1,701.0,59,702.0,18,1,2357,2025-06-18
2025-06-18 11:17:06.542219,701.0,1,701.0,58,702.0,18,2,2357,2025-06-18
2025-06-18 11:17:16.418456,702.0,1,701.0,56,702.0,18,1,2357,2025-06-18
2025-06-18 11:17:20.048928,702.0,1,701.0,56,702.0,17,1,2357,2025-06-18
2025-06-18 11:17:31.043776,702.0,1,701.0,55,702.0,16,1,2357,2025-06-18
2025-06-18 11:17:33.629834,702.0,1,701.0,55,702.0,14,1,2357,2025-06-18
2025-06-18 11:18:08.823682,702.0,1,701.0,55,702.0,16,1,2357,2025-06-18
2025-06-18 11:18:10.042651,702.0,1,701.0,55,702.0,15,1,2357,2025-06-18
2025-06-18 11:18:11.062683,702.0,1,701.0,55,702.0,14,1,2357,2025-06-18
2025-06-18 11:18:51.050442,702.0,1,701.0,55,702.0,16,1,2357,2025-06-18
2025-06-18 11:18:52.615863,702.0,1,701.0,55,702.0,15,1,2357,2025-06-18
2025-06-18 11:19:00.051612,702.0,1,701.0,55,702.0,15,1,2357,2025-06-18
2025-06-18 11:19:02.633648,702.0,1,701.0,55,702.0,14,1,2357,2025-06-18
2025-06-18 11:19:04.148260,702.0,1,701.0,55,702.0,13,1,2357,2025-06-18
2025-06-18 11:19:21.052900,702.0,1,701.0,55,702.0,13,1,2357,2025-06-18
2025-06-18 11:19:22.357223,701.0,1,701.0,54,702.0,13,2,2357,2025-06-18
2025-06-18 11:19:50.055444,702.0,1,701.0,56,702.0,15,1,2357,2025-06-18
2025-06-18 11:20:01.019248,702.0,1,701.0,58,702.0,14,1,2357,2025-06-18
2025-06-18 11:20:03.509469,702.0,1,701.0,58,702.0,13,1,2357,2025-06-18
2025-06-18 11:20:06.716018,702.0,1,701.0,58,702.0,12,1,2357,2025-06-18
2025-06-18 11:20:14.622086,702.0,2,701.0,58,702.0,10,1,2357,2025-06-18
2025-06-18 11:20:14.743017,702.0,1,701.0,57,702.0,10,1,2357,2025-06-18
2025-06-18 11:20:31.625379,702.0,1,701.0,57,702.0,8,1,2357,2025-06-18
2025-06-18 11:20:39.367298,701.0,1,701.0,56,702.0,8,2,2357,2025-06-18
2025-06-18 11:20:40.072648,702.0,1,701.0,56,702.0,7,1,2357,2025-06-18
2025-06-18 11:20:41.059509,702.0,1,701.0,56,702.0,6,1,2357,2025-06-18
2025-06-18 11:21:11.046502,702.0,1,701.0,58,702.0,7,1,2357,2025-06-18
2025-06-18 11:21:26.100158,702.0,5,701.0,58,702.0,8,1,2357,2025-06-18
2025-06-18 11:21:30.034494,702.0,1,701.0,58,702.0,8,1,2357,2025-06-18
2025-06-18 11:21:46.357452,701.0,1,701.0,57,702.0,8,2,2357,2025-06-18
2025-06-18 11:21:49.140444,702.0,1,701.0,57,702.0,8,1,2357,2025-06-18
2025-06-18 11:21:51.096700,702.0,1,701.0,57,702.0,9,1,2357,2025-06-18
2025-06-18 11:22:05.690364,701.0,57,700.0,51,702.0,19,2,2357,2025-06-18
2025-06-18 11:22:06.660479,700.0,2,700.0,50,701.0,11,2,2357,2025-06-18
2025-06-18 11:22:20.040337,701.0,1,700.0,54,701.0,11,1,2357,2025-06-18
2025-06-18 11:22:25.411255,700.0,1,700.0,52,701.0,13,2,2357,2025-06-18
2025-06-18 11:22:31.068673,701.0,1,700.0,52,701.0,12,1,2357,2025-06-18
2025-06-18 11:22:44.633462,701.0,1,700.0,52,701.0,15,1,2357,2025-06-18
2025-06-18 11:22:54.359496,700.0,4,700.0,48,701.0,15,2,2357,2025-06-18
2025-06-18 11:23:01.055638,701.0,1,700.0,48,701.0,16,1,2357,2025-06-18
2025-06-18 11:23:10.036056,701.0,1,700.0,48,701.0,14,1,2357,2025-06-18
2025-06-18 11:23:38.357367,701.0,1,700.0,50,701.0,11,1,2357,2025-06-18
2025-06-18 11:23:41.058984,701.0,1,700.0,50,701.0,12,1,2357,2025-06-18
2025-06-18 11:24:00.031625,701.0,1,700.0,50,701.0,13,1,2357,2025-06-18
2025-06-18 11:24:00.083067,701.0,1,700.0,50,701.0,12,1,2357,2025-06-18
2025-06-18 11:24:07.584586,701.0,2,700.0,50,701.0,16,1,2357,2025-06-18
2025-06-18 11:24:07.636264,701.0,1,700.0,50,701.0,15,1,2357,2025-06-18
2025-06-18 11:24:10.356588,700.0,1,700.0,49,701.0,15,2,2357,2025-06-18
2025-06-18 11:24:11.045801,701.0,1,700.0,49,701.0,14,1,2357,2025-06-18
2025-06-18 11:24:13.627256,701.0,1,700.0,49,701.0,14,1,2357,2025-06-18
2025-06-18 11:24:16.001283,701.0,4,700.0,49,701.0,10,1,2357,2025-06-18
2025-06-18 11:24:27.511407,701.0,1,700.0,49,701.0,8,1,2357,2025-06-18
2025-06-18 11:24:27.569534,701.0,1,700.0,49,701.0,7,1,2357,2025-06-18
2025-06-18 11:24:40.982592,701.0,1,700.0,50,701.0,10,1,2357,2025-06-18
2025-06-18 11:24:44.481790,701.0,1,700.0,50,701.0,9,1,2357,2025-06-18
2025-06-18 11:24:49.154734,701.0,2,700.0,50,701.0,4,1,2357,2025-06-18
2025-06-18 11:24:50.038597,701.0,1,700.0,50,701.0,3,1,2357,2025-06-18
2025-06-18 11:24:51.049019,701.0,1,700.0,50,701.0,2,1,2357,2025-06-18
2025-06-18 11:24:56.902387,701.0,2,700.0,50,701.0,1,1,2357,2025-06-18
2025-06-18 11:25:04.748209,701.0,1,700.0,52,702.0,24,1,2357,2025-06-18
2025-06-18 11:25:10.282568,700.0,1,700.0,51,702.0,28,2,2357,2025-06-18
2025-06-18 11:25:13.316132,702.0,2,700.0,51,702.0,29,1,2357,2025-06-18
2025-06-18 11:25:31.068125,702.0,1,700.0,52,702.0,31,1,2357,2025-06-18
2025-06-18 11:25:40.034481,702.0,1,700.0,55,702.0,31,1,2357,2025-06-18
2025-06-18 11:25:42.642268,702.0,1,700.0,55,702.0,31,1,2357,2025-06-18
2025-06-18 11:26:01.054946,702.0,1,701.0,13,702.0,24,1,2357,2025-06-18
2025-06-18 11:26:21.864852,702.0,1,701.0,13,702.0,26,1,2357,2025-06-18
2025-06-18 11:26:30.039762,702.0,1,701.0,13,702.0,27,1,2357,2025-06-18
2025-06-18 11:26:33.351469,701.0,1,701.0,12,702.0,27,2,2357,2025-06-18
2025-06-18 11:26:41.058175,702.0,1,701.0,12,702.0,32,1,2357,2025-06-18
2025-06-18 11:27:12.079374,701.0,13,700.0,46,702.0,33,2,2357,2025-06-18
2025-06-18 11:27:20.072834,701.0,1,700.0,43,701.0,10,1,2357,2025-06-18
2025-06-18 11:27:21.077253,701.0,1,700.0,43,701.0,12,1,2357,2025-06-18
2025-06-18 11:27:44.478825,701.0,11,701.0,3,702.0,33,1,2357,2025-06-18
2025-06-18 11:27:51.064213,702.0,1,701.0,3,702.0,29,1,2357,2025-06-18
2025-06-18 11:27:56.631005,702.0,1,701.0,3,702.0,28,1,2357,2025-06-18
2025-06-18 11:28:03.619964,702.0,1,701.0,3,702.0,27,1,2357,2025-06-18
2025-06-18 11:28:04.532947,701.0,3,700.0,47,702.0,28,2,2357,2025-06-18
2025-06-18 11:28:04.594797,700.0,1,700.0,46,701.0,3,2,2357,2025-06-18
2025-06-18 11:28:04.620778,700.0,20,700.0,46,701.0,4,2,2357,2025-06-18
2025-06-18 11:28:10.032025,701.0,1,700.0,21,701.0,2,1,2357,2025-06-18
2025-06-18 11:28:31.067460,701.0,1,700.0,21,701.0,1,1,2357,2025-06-18
2025-06-18 11:28:31.131751,701.0,1,700.0,21,702.0,26,1,2357,2025-06-18
2025-06-18 11:28:42.817484,700.0,15,700.0,7,702.0,29,2,2357,2025-06-18
2025-06-18 11:28:57.341000,700.0,1,700.0,7,701.0,10,2,2357,2025-06-18
2025-06-18 11:29:00.038154,701.0,1,700.0,7,701.0,9,1,2357,2025-06-18
2025-06-18 11:29:01.085641,701.0,1,700.0,7,701.0,8,1,2357,2025-06-18
2025-06-18 11:29:15.889452,700.0,1,700.0,5,701.0,9,2,2357,2025-06-18
2025-06-18 11:29:20.041766,701.0,1,700.0,5,701.0,8,1,2357,2025-06-18
2025-06-18 11:29:20.100690,701.0,1,700.0,5,701.0,7,1,2357,2025-06-18
2025-06-18 11:29:25.629494,701.0,1,700.0,5,701.0,6,1,2357,2025-06-18
2025-06-18 11:29:27.837031,701.0,1,700.0,5,701.0,5,1,2357,2025-06-18
2025-06-18 11:29:39.843274,701.0,1,700.0,5,701.0,7,1,2357,2025-06-18
2025-06-18 11:29:40.369404,700.0,1,700.0,4,701.0,7,2,2357,2025-06-18
2025-06-18 11:29:41.073214,701.0,1,700.0,4,701.0,6,1,2357,2025-06-18
2025-06-18 11:29:50.044349,701.0,1,700.0,4,701.0,5,1,2357,2025-06-18
2025-06-18 11:30:09.126156,701.0,1,700.0,7,701.0,10,1,2357,2025-06-18
2025-06-18 11:30:21.092223,701.0,1,700.0,7,701.0,10,1,2357,2025-06-18
2025-06-18 11:30:30.699974,701.0,1,700.0,7,701.0,9,1,2357,2025-06-18
2025-06-18 11:30:32.341278,701.0,1,700.0,7,701.0,8,1,2357,2025-06-18
2025-06-18 11:30:39.139399,700.0,1,700.0,6,701.0,8,2,2357,2025-06-18
2025-06-18 11:30:40.054890,701.0,1,700.0,6,701.0,7,1,2357,2025-06-18
2025-06-18 11:30:51.063465,701.0,1,700.0,7,701.0,9,1,2357,2025-06-18
2025-06-18 11:30:54.593354,701.0,1,700.0,7,701.0,9,1,2357,2025-06-18
2025-06-18 11:30:54.640145,701.0,1,700.0,7,701.0,8,1,2357,2025-06-18
2025-06-18 11:31:12.999337,701.0,1,700.0,11,701.0,7,1,2357,2025-06-18
2025-06-18 11:31:17.015334,700.0,1,700.0,10,701.0,8,2,2357,2025-06-18
2025-06-18 11:31:20.461971,701.0,1,700.0,10,701.0,9,1,2357,2025-06-18
2025-06-18 11:31:21.344582,700.0,1,700.0,9,701.0,9,2,2357,2025-06-18
2025-06-18 11:31:30.035967,701.0,1,700.0,9,701.0,8,1,2357,2025-06-18
2025-06-18 11:31:31.051037,701.0,1,700.0,9,701.0,7,1,2357,2025-06-18
2025-06-18 11:31:53.874846,700.0,1,700.0,8,701.0,7,2,2357,2025-06-18
2025-06-18 11:32:11.070190,701.0,1,700.0,8,701.0,7,1,2357,2025-06-18
2025-06-18 11:32:20.031264,701.0,1,700.0,8,701.0,6,1,2357,2025-06-18
2025-06-18 11:32:41.057026,701.0,1,700.0,8,701.0,6,1,2357,2025-06-18
2025-06-18 11:33:07.643579,700.0,1,700.0,10,701.0,7,2,2357,2025-06-18
2025-06-18 11:33:08.633728,701.0,1,700.0,10,701.0,6,1,2357,2025-06-18
2025-06-18 11:33:10.063286,701.0,1,700.0,10,701.0,5,1,2357,2025-06-18
2025-06-18 11:33:17.205319,700.0,1,700.0,9,701.0,6,2,2357,2025-06-18
2025-06-18 11:33:21.060204,701.0,1,700.0,10,701.0,5,1,2357,2025-06-18
2025-06-18 11:33:45.348635,700.0,1,700.0,9,701.0,4,2,2357,2025-06-18
2025-06-18 11:33:51.047057,701.0,1,700.0,9,701.0,5,1,2357,2025-06-18
2025-06-18 11:34:00.033406,701.0,1,700.0,9,701.0,6,1,2357,2025-06-18
2025-06-18 11:34:11.472793,700.0,1,700.0,8,701.0,13,2,2357,2025-06-18
2025-06-18 11:34:21.432679,700.0,1,700.0,7,701.0,14,2,2357,2025-06-18
2025-06-18 11:34:28.528446,701.0,1,700.0,7,701.0,14,1,2357,2025-06-18
2025-06-18 11:34:37.632962,701.0,2,700.0,8,701.0,8,1,2357,2025-06-18
2025-06-18 11:34:50.041164,701.0,1,700.0,8,701.0,7,1,2357,2025-06-18
2025-06-18 11:35:11.038118,701.0,1,700.0,8,701.0,7,1,2357,2025-06-18
2025-06-18 11:35:27.323816,701.0,1,700.0,8,701.0,7,1,2357,2025-06-18
2025-06-18 11:35:31.666213,701.0,1,700.0,8,701.0,6,1,2357,2025-06-18
2025-06-18 11:35:35.363163,700.0,1,700.0,7,701.0,6,2,2357,2025-06-18
2025-06-18 11:35:40.106043,701.0,1,700.0,7,701.0,5,1,2357,2025-06-18
2025-06-18 11:35:41.056209,701.0,1,700.0,7,701.0,4,1,2357,2025-06-18
2025-06-18 11:35:55.830801,701.0,1,700.0,10,701.0,7,1,2357,2025-06-18
2025-06-18 11:36:06.642109,701.0,1,700.0,10,701.0,7,1,2357,2025-06-18
2025-06-18 11:36:09.348853,700.0,1,700.0,9,701.0,7,2,2357,2025-06-18
2025-06-18 11:36:21.028283,701.0,1,700.0,9,701.0,11,1,2357,2025-06-18
2025-06-18 11:36:30.040781,701.0,1,700.0,9,701.0,10,1,2357,2025-06-18
2025-06-18 11:36:49.182089,700.0,1,700.0,8,701.0,8,2,2357,2025-06-18
2025-06-18 11:37:01.094412,701.0,1,700.0,8,701.0,7,1,2357,2025-06-18
2025-06-18 11:37:15.623412,701.0,1,700.0,8,701.0,7,1,2357,2025-06-18
2025-06-18 11:37:19.181562,701.0,1,700.0,9,701.0,6,1,2357,2025-06-18
2025-06-18 11:37:20.046945,701.0,1,700.0,9,701.0,5,1,2357,2025-06-18
2025-06-18 11:37:31.065434,701.0,1,700.0,9,701.0,8,1,2357,2025-06-18
2025-06-18 11:37:32.032462,700.0,1,700.0,8,701.0,8,2,2357,2025-06-18
2025-06-18 11:37:35.529578,701.0,1,700.0,8,701.0,7,1,2357,2025-06-18
2025-06-18 11:38:03.008337,700.0,1,700.0,21,701.0,10,2,2357,2025-06-18
2025-06-18 11:38:10.053453,701.0,1,700.0,23,701.0,10,1,2357,2025-06-18
2025-06-18 11:38:11.037503,701.0,1,700.0,23,701.0,9,1,2357,2025-06-18
2025-06-18 11:38:19.629991,701.0,1,700.0,24,701.0,8,1,2357,2025-06-18
2025-06-18 11:38:32.362172,700.0,1,700.0,24,701.0,10,2,2357,2025-06-18
2025-06-18 11:38:33.386327,701.0,1,700.0,24,701.0,9,1,2357,2025-06-18
2025-06-18 11:38:42.856955,700.0,1,700.0,23,701.0,12,2,2357,2025-06-18
2025-06-18 11:38:51.072074,701.0,1,700.0,24,701.0,13,1,2357,2025-06-18
2025-06-18 11:39:00.060285,701.0,1,700.0,24,701.0,13,1,2357,2025-06-18
2025-06-18 11:39:16.768312,700.0,1,700.0,23,701.0,14,2,2357,2025-06-18
2025-06-18 11:39:21.027784,701.0,1,700.0,23,701.0,13,1,2357,2025-06-18
2025-06-18 11:39:41.353921,701.0,1,700.0,26,701.0,21,1,2357,2025-06-18
2025-06-18 11:39:48.634478,701.0,1,700.0,26,701.0,21,1,2357,2025-06-18
2025-06-18 11:39:50.054492,701.0,1,700.0,26,701.0,20,1,2357,2025-06-18
2025-06-18 11:40:00.040453,701.0,1,700.0,28,701.0,18,1,2357,2025-06-18
2025-06-18 11:40:01.328037,701.0,1,700.0,28,701.0,15,1,2357,2025-06-18
2025-06-18 11:40:30.621407,700.0,1,700.0,32,701.0,15,2,2357,2025-06-18
2025-06-18 11:40:31.049091,701.0,1,700.0,34,701.0,14,1,2357,2025-06-18
2025-06-18 11:40:40.050450,701.0,1,700.0,34,701.0,13,1,2357,2025-06-18
2025-06-18 11:40:46.840501,701.0,1,700.0,34,701.0,12,1,2357,2025-06-18
2025-06-18 11:40:56.358332,700.0,1,700.0,33,701.0,12,2,2357,2025-06-18
2025-06-18 11:41:11.052620,701.0,1,700.0,34,701.0,13,1,2357,2025-06-18
2025-06-18 11:41:17.631969,701.0,1,700.0,34,701.0,12,1,2357,2025-06-18
2025-06-18 11:41:30.051302,701.0,1,700.0,36,701.0,11,1,2357,2025-06-18
2025-06-18 11:41:30.121490,701.0,5,700.0,36,701.0,6,1,2357,2025-06-18
2025-06-18 11:41:36.743587,701.0,1,700.0,35,701.0,6,1,2357,2025-06-18
2025-06-18 11:41:44.493255,700.0,1,700.0,34,701.0,6,2,2357,2025-06-18
2025-06-18 11:41:51.040293,701.0,1,700.0,35,701.0,5,1,2357,2025-06-18
2025-06-18 11:42:14.802221,701.0,2,700.0,38,701.0,4,1,2357,2025-06-18
2025-06-18 11:42:20.050102,701.0,1,700.0,39,701.0,3,1,2357,2025-06-18
2025-06-18 11:42:21.073972,701.0,1,700.0,39,701.0,2,1,2357,2025-06-18
2025-06-18 11:42:25.428453,701.0,1,700.0,39,701.0,1,1,2357,2025-06-18
2025-06-18 11:42:34.203623,701.0,1,700.0,42,702.0,17,1,2357,2025-06-18
2025-06-18 11:42:48.299150,701.0,1,701.0,3,702.0,18,2,2357,2025-06-18
2025-06-18 11:42:58.320787,701.0,1,701.0,11,702.0,17,2,2357,2025-06-18
2025-06-18 11:43:01.077278,702.0,1,701.0,11,702.0,16,1,2357,2025-06-18
2025-06-18 11:43:09.934179,702.0,2,701.0,15,702.0,14,1,2357,2025-06-18
2025-06-18 11:43:10.060054,702.0,1,701.0,15,702.0,13,1,2357,2025-06-18
2025-06-18 11:43:14.165617,701.0,1,701.0,15,702.0,14,2,2357,2025-06-18
2025-06-18 11:43:20.358121,701.0,1,701.0,14,702.0,14,2,2357,2025-06-18
2025-06-18 11:43:25.624276,701.0,1,701.0,13,702.0,14,2,2357,2025-06-18
2025-06-18 11:43:31.633857,702.0,1,701.0,13,702.0,15,1,2357,2025-06-18
2025-06-18 11:43:41.033729,702.0,1,701.0,14,702.0,15,1,2357,2025-06-18
2025-06-18 11:43:51.532149,702.0,1,701.0,14,702.0,15,1,2357,2025-06-18
2025-06-18 11:43:54.099339,702.0,3,701.0,17,702.0,12,1,2357,2025-06-18
2025-06-18 11:44:00.056167,702.0,1,701.0,17,702.0,11,1,2357,2025-06-18
2025-06-18 11:44:11.036172,702.0,1,701.0,18,702.0,10,1,2357,2025-06-18
2025-06-18 11:44:13.077981,701.0,1,701.0,18,702.0,10,2,2357,2025-06-18
2025-06-18 11:44:32.781880,702.0,1,701.0,18,702.0,9,1,2357,2025-06-18
2025-06-18 11:44:50.051454,702.0,1,701.0,18,702.0,8,1,2357,2025-06-18
2025-06-18 11:44:51.040013,702.0,1,701.0,18,702.0,7,1,2357,2025-06-18
2025-06-18 11:45:00.702613,702.0,1,701.0,18,702.0,6,1,2357,2025-06-18
2025-06-18 11:45:00.785055,702.0,2,701.0,18,702.0,4,1,2357,2025-06-18
2025-06-18 11:45:04.589517,702.0,1,701.0,22,702.0,3,1,2357,2025-06-18
2025-06-18 11:45:20.773257,702.0,1,701.0,25,702.0,2,1,2357,2025-06-18
2025-06-18 11:45:26.919598,701.0,1,701.0,22,702.0,4,2,2357,2025-06-18
2025-06-18 11:45:31.042807,702.0,1,701.0,23,702.0,3,1,2357,2025-06-18
2025-06-18 11:45:40.056791,702.0,1,701.0,23,702.0,2,1,2357,2025-06-18
2025-06-18 11:45:44.363846,701.0,1,701.0,25,702.0,2,2,2357,2025-06-18
2025-06-18 11:45:48.145890,702.0,3,701.0,23,703.0,16,1,2357,2025-06-18
2025-06-18 11:45:55.947178,702.0,1,701.0,24,703.0,17,2,2357,2025-06-18
2025-06-18 11:46:01.029715,703.0,1,701.0,24,703.0,23,1,2357,2025-06-18
2025-06-18 11:46:01.180009,701.0,1,701.0,23,703.0,23,2,2357,2025-06-18
2025-06-18 11:46:26.613246,703.0,1,701.0,29,703.0,21,1,2357,2025-06-18
2025-06-18 11:46:30.057163,703.0,1,701.0,29,703.0,18,1,2357,2025-06-18
2025-06-18 11:46:40.734314,702.0,1,702.0,10,703.0,14,2,2357,2025-06-18
2025-06-18 11:46:41.064385,703.0,1,702.0,10,703.0,14,1,2357,2025-06-18
2025-06-18 11:47:11.035453,703.0,1,702.0,23,703.0,13,1,2357,2025-06-18
2025-06-18 11:47:20.051132,703.0,1,702.0,26,703.0,13,1,2357,2025-06-18
2025-06-18 11:47:44.479775,702.0,1,702.0,26,703.0,15,2,2357,2025-06-18
2025-06-18 11:47:46.709960,703.0,1,702.0,26,703.0,14,1,2357,2025-06-18
2025-06-18 11:47:51.038970,703.0,1,702.0,26,703.0,13,1,2357,2025-06-18
2025-06-18 11:47:54.521699,702.0,1,702.0,25,703.0,13,2,2357,2025-06-18
2025-06-18 11:48:08.356808,702.0,1,702.0,24,703.0,13,2,2357,2025-06-18
2025-06-18 11:48:10.047807,703.0,1,702.0,24,703.0,12,1,2357,2025-06-18
2025-06-18 11:48:20.299353,703.0,1,702.0,24,703.0,11,1,2357,2025-06-18
2025-06-18 11:48:31.042137,703.0,1,702.0,24,703.0,10,1,2357,2025-06-18
2025-06-18 11:48:50.624451,702.0,1,702.0,23,703.0,11,2,2357,2025-06-18
2025-06-18 11:49:00.053837,703.0,1,702.0,23,703.0,10,1,2357,2025-06-18
2025-06-18 11:49:01.044821,703.0,1,702.0,23,703.0,9,1,2357,2025-06-18
2025-06-18 11:49:05.501124,703.0,1,702.0,24,703.0,8,1,2357,2025-06-18
2025-06-18 11:49:08.362218,702.0,1,702.0,22,703.0,8,2,2357,2025-06-18
2025-06-18 11:49:19.612639,702.0,1,702.0,21,703.0,9,2,2357,2025-06-18
2025-06-18 11:49:41.047956,703.0,1,702.0,26,703.0,8,1,2357,2025-06-18
2025-06-18 11:49:50.048899,703.0,1,702.0,26,703.0,7,1,2357,2025-06-18
2025-06-18 11:49:52.483796,703.0,1,702.0,26,703.0,6,1,2357,2025-06-18
2025-06-18 11:49:52.552725,703.0,2,702.0,26,703.0,4,1,2357,2025-06-18
2025-06-18 11:49:52.556392,703.0,2,702.0,26,703.0,2,1,2357,2025-06-18
2025-06-18 11:50:13.894464,703.0,2,703.0,3,704.0,16,1,2357,2025-06-18
2025-06-18 11:50:22.212309,703.0,1,703.0,6,704.0,24,2,2357,2025-06-18
2025-06-18 11:50:22.240126,703.0,6,702.0,27,704.0,26,2,2357,2025-06-18
2025-06-18 11:50:31.362373,702.0,1,702.0,25,704.0,32,2,2357,2025-06-18
2025-06-18 11:50:40.093062,703.0,1,702.0,25,704.0,31,1,2357,2025-06-18
2025-06-18 11:51:25.221754,703.0,1,702.0,25,703.0,1,1,2357,2025-06-18
2025-06-18 11:51:30.104805,703.0,1,702.0,25,704.0,30,1,2357,2025-06-18
2025-06-18 11:51:41.637849,703.0,1,702.0,25,703.0,1,1,2357,2025-06-18
2025-06-18 11:52:05.798495,703.0,1,702.0,28,704.0,28,1,2357,2025-06-18
2025-06-18 11:52:15.536009,702.0,1,702.0,27,704.0,31,2,2357,2025-06-18
2025-06-18 11:52:20.045267,704.0,1,702.0,28,704.0,30,1,2357,2025-06-18
2025-06-18 11:52:26.096394,702.0,1,702.0,27,704.0,30,2,2357,2025-06-18
2025-06-18 11:52:49.854593,703.0,1,702.0,28,704.0,32,1,2357,2025-06-18
2025-06-18 11:52:55.354591,702.0,1,702.0,27,704.0,32,2,2357,2025-06-18
2025-06-18 11:53:10.041440,704.0,1,702.0,27,704.0,33,1,2357,2025-06-18
2025-06-18 11:53:21.066409,703.0,1,702.0,27,703.0,1,1,2357,2025-06-18
2025-06-18 11:53:23.106975,702.0,1,702.0,26,703.0,1,2,2357,2025-06-18
2025-06-18 11:53:38.216948,703.0,1,702.0,26,703.0,2,1,2357,2025-06-18
2025-06-18 11:53:51.084494,703.0,1,702.0,26,703.0,5,1,2357,2025-06-18
2025-06-18 11:53:54.640315,703.0,1,702.0,26,703.0,4,1,2357,2025-06-18
2025-06-18 11:54:00.048656,703.0,1,702.0,26,703.0,3,1,2357,2025-06-18
2025-06-18 11:54:15.622379,702.0,1,702.0,25,703.0,5,2,2357,2025-06-18
2025-06-18 11:54:31.056737,703.0,1,702.0,25,703.0,4,1,2357,2025-06-18
2025-06-18 11:54:46.487885,703.0,1,702.0,25,703.0,3,1,2357,2025-06-18
2025-06-18 11:54:50.055803,703.0,1,702.0,26,703.0,3,1,2357,2025-06-18
2025-06-18 11:55:11.044198,703.0,1,702.0,26,703.0,2,1,2357,2025-06-18
2025-06-18 11:55:19.357539,702.0,1,702.0,27,703.0,4,2,2357,2025-06-18
2025-06-18 11:55:23.632729,703.0,1,702.0,29,703.0,3,1,2357,2025-06-18
2025-06-18 11:55:38.608809,703.0,1,702.0,29,703.0,2,1,2357,2025-06-18
2025-06-18 11:55:40.038372,703.0,1,702.0,29,703.0,1,1,2357,2025-06-18
2025-06-18 11:55:40.098173,703.0,1,702.0,28,704.0,29,1,2357,2025-06-18
2025-06-18 11:55:41.062239,704.0,1,702.0,28,704.0,28,1,2357,2025-06-18
2025-06-18 11:55:45.359944,704.0,1,702.0,28,704.0,27,1,2357,2025-06-18
2025-06-18 11:56:21.065587,704.0,1,702.0,32,704.0,28,1,2357,2025-06-18
2025-06-18 11:56:29.007726,702.0,17,702.0,15,704.0,31,2,2357,2025-06-18
2025-06-18 11:56:29.117452,702.0,2,702.0,15,703.0,11,2,2357,2025-06-18
2025-06-18 11:56:30.075968,703.0,1,702.0,13,703.0,7,1,2357,2025-06-18
2025-06-18 11:56:46.619168,702.0,1,702.0,12,703.0,9,2,2357,2025-06-18
2025-06-18 11:56:51.036988,703.0,1,702.0,10,703.0,8,1,2357,2025-06-18
2025-06-18 11:56:52.638643,703.0,1,702.0,10,703.0,7,1,2357,2025-06-18
2025-06-18 11:57:00.047628,703.0,1,702.0,10,703.0,6,1,2357,2025-06-18
2025-06-18 11:57:03.392872,702.0,1,702.0,9,703.0,6,2,2357,2025-06-18
2025-06-18 11:57:20.039597,703.0,1,702.0,9,703.0,7,1,2357,2025-06-18
2025-06-18 11:57:31.071350,703.0,1,702.0,10,703.0,8,1,2357,2025-06-18
2025-06-18 11:57:43.351836,702.0,1,702.0,9,703.0,8,2,2357,2025-06-18
2025-06-18 11:58:10.046345,703.0,1,702.0,9,703.0,14,1,2357,2025-06-18
2025-06-18 11:58:10.792837,702.0,2,702.0,7,703.0,12,2,2357,2025-06-18
2025-06-18 11:58:10.951428,703.0,1,702.0,7,703.0,11,1,2357,2025-06-18
2025-06-18 11:58:11.043439,703.0,1,702.0,7,703.0,10,1,2357,2025-06-18
2025-06-18 11:58:41.061796,703.0,1,702.0,9,703.0,9,1,2357,2025-06-18
2025-06-18 11:59:00.042217,703.0,1,702.0,9,703.0,9,1,2357,2025-06-18
2025-06-18 11:59:06.631970,703.0,1,702.0,9,703.0,8,1,2357,2025-06-18
2025-06-18 11:59:21.049406,703.0,1,702.0,9,703.0,7,1,2357,2025-06-18
2025-06-18 11:59:27.446970,703.0,1,702.0,9,703.0,7,1,2357,2025-06-18
2025-06-18 11:59:50.039626,703.0,1,702.0,9,703.0,7,1,2357,2025-06-18
2025-06-18 12:00:03.255940,703.0,1,702.0,10,703.0,6,1,2357,2025-06-18
2025-06-18 12:00:07.346526,702.0,1,702.0,9,703.0,6,2,2357,2025-06-18
2025-06-18 12:00:31.070800,703.0,1,702.0,10,703.0,7,1,2357,2025-06-18
2025-06-18 12:00:35.637168,703.0,1,702.0,10,703.0,7,1,2357,2025-06-18
2025-06-18 12:00:40.044711,703.0,1,702.0,10,703.0,6,1,2357,2025-06-18
2025-06-18 12:01:11.042882,703.0,1,702.0,10,703.0,5,1,2357,2025-06-18
2025-06-18 12:01:17.673920,702.0,1,702.0,12,703.0,5,2,2357,2025-06-18
2025-06-18 12:01:30.038638,703.0,1,702.0,12,703.0,5,1,2357,2025-06-18
2025-06-18 12:01:51.046306,703.0,1,702.0,12,703.0,6,1,2357,2025-06-18
2025-06-18 12:02:04.634423,703.0,1,702.0,15,703.0,6,1,2357,2025-06-18
2025-06-18 12:02:20.068100,703.0,1,702.0,17,703.0,5,1,2357,2025-06-18
2025-06-18 12:02:21.048675,703.0,1,702.0,18,703.0,4,1,2357,2025-06-18
2025-06-18 12:02:30.343015,702.0,1,702.0,16,703.0,4,2,2357,2025-06-18
2025-06-18 12:02:43.687752,703.0,1,702.0,19,703.0,5,1,2357,2025-06-18
2025-06-18 12:02:52.394057,703.0,3,702.0,21,703.0,4,1,2357,2025-06-18
2025-06-18 12:03:01.052054,703.0,1,702.0,21,703.0,3,1,2357,2025-06-18
2025-06-18 12:03:01.129754,703.0,1,702.0,21,703.0,2,1,2357,2025-06-18
2025-06-18 12:03:10.042468,703.0,1,702.0,21,703.0,2,1,2357,2025-06-18
2025-06-18 12:03:24.812521,703.0,1,702.0,22,703.0,3,1,2357,2025-06-18
2025-06-18 12:03:31.070214,703.0,1,702.0,22,703.0,2,1,2357,2025-06-18
2025-06-18 12:03:58.145994,703.0,1,702.0,24,703.0,2,1,2357,2025-06-18
2025-06-18 12:04:00.037120,703.0,1,702.0,24,703.0,1,1,2357,2025-06-18
2025-06-18 12:04:11.073515,703.0,1,702.0,28,704.0,21,1,2357,2025-06-18
2025-06-18 12:04:18.632068,704.0,1,703.0,10,704.0,19,1,2357,2025-06-18
2025-06-18 12:04:50.043838,704.0,1,703.0,14,704.0,21,1,2357,2025-06-18
2025-06-18 12:04:50.610540,704.0,1,703.0,14,704.0,20,1,2357,2025-06-18
2025-06-18 12:04:51.061233,704.0,1,703.0,14,704.0,19,1,2357,2025-06-18
2025-06-18 12:04:54.340375,703.0,1,703.0,14,704.0,18,2,2357,2025-06-18
2025-06-18 12:05:05.624416,703.0,1,703.0,14,704.0,18,2,2357,2025-06-18
2025-06-18 12:05:09.735783,703.0,1,703.0,13,704.0,18,2,2357,2025-06-18
2025-06-18 12:05:14.784146,703.0,1,703.0,12,704.0,18,2,2357,2025-06-18
2025-06-18 12:05:21.048080,704.0,1,703.0,12,704.0,17,1,2357,2025-06-18
2025-06-18 12:05:40.039319,704.0,1,703.0,12,704.0,16,1,2357,2025-06-18
2025-06-18 12:05:47.632317,704.0,1,703.0,12,704.0,16,1,2357,2025-06-18
2025-06-18 12:05:48.671602,703.0,1,703.0,11,704.0,16,2,2357,2025-06-18
2025-06-18 12:06:01.051386,704.0,1,703.0,12,704.0,16,1,2357,2025-06-18
2025-06-18 12:06:01.220699,703.0,1,703.0,11,704.0,16,2,2357,2025-06-18
2025-06-18 12:06:13.368114,704.0,1,703.0,11,704.0,16,1,2357,2025-06-18
2025-06-18 12:06:23.491371,703.0,1,703.0,10,704.0,16,2,2357,2025-06-18
2025-06-18 12:06:30.035694,704.0,1,703.0,10,704.0,16,1,2357,2025-06-18
2025-06-18 12:06:41.085895,704.0,1,703.0,10,704.0,19,1,2357,2025-06-18
2025-06-18 12:07:11.057226,704.0,1,703.0,10,704.0,22,1,2357,2025-06-18
2025-06-18 12:07:12.202020,704.0,1,703.0,10,704.0,21,1,2357,2025-06-18
2025-06-18 12:07:14.025097,703.0,3,703.0,7,704.0,22,2,2357,2025-06-18
2025-06-18 12:07:14.057043,703.0,4,703.0,3,704.0,22,2,2357,2025-06-18
2025-06-18 12:07:16.401171,704.0,1,703.0,7,704.0,23,1,2357,2025-06-18
2025-06-18 12:07:16.635938,704.0,1,703.0,7,704.0,22,1,2357,2025-06-18
2025-06-18 12:07:18.347126,703.0,1,703.0,6,704.0,22,2,2357,2025-06-18
2025-06-18 12:07:20.043561,704.0,1,703.0,6,704.0,22,1,2357,2025-06-18
2025-06-18 12:07:37.192917,703.0,1,703.0,5,704.0,22,2,2357,2025-06-18
2025-06-18 12:07:51.044943,704.0,1,703.0,5,704.0,21,1,2357,2025-06-18
2025-06-18 12:08:10.072956,704.0,1,703.0,8,704.0,20,1,2357,2025-06-18
2025-06-18 12:08:29.910601,703.0,1,703.0,9,704.0,20,2,2357,2025-06-18
2025-06-18 12:08:31.048213,704.0,1,703.0,9,704.0,18,1,2357,2025-06-18
2025-06-18 12:08:50.993402,703.0,1,703.0,8,704.0,18,2,2357,2025-06-18
2025-06-18 12:08:55.039982,704.0,1,703.0,8,704.0,17,1,2357,2025-06-18
2025-06-18 12:09:00.042709,704.0,1,703.0,8,704.0,17,1,2357,2025-06-18
2025-06-18 12:09:01.097607,704.0,1,703.0,8,704.0,16,1,2357,2025-06-18
2025-06-18 12:09:25.245224,703.0,2,703.0,7,704.0,20,2,2357,2025-06-18
2025-06-18 12:09:29.643010,704.0,1,703.0,7,704.0,19,1,2357,2025-06-18
2025-06-18 12:09:38.479961,703.0,1,703.0,6,704.0,19,2,2357,2025-06-18
2025-06-18 12:09:41.085218,704.0,1,703.0,6,704.0,17,1,2357,2025-06-18
2025-06-18 12:09:42.350635,703.0,1,703.0,5,704.0,17,2,2357,2025-06-18
2025-06-18 12:09:50.049679,704.0,1,703.0,5,704.0,16,1,2357,2025-06-18
2025-06-18 12:10:01.556742,704.0,1,703.0,5,704.0,17,1,2357,2025-06-18
2025-06-18 12:10:04.843699,703.0,1,703.0,5,704.0,17,2,2357,2025-06-18
2025-06-18 12:10:11.041037,704.0,1,703.0,3,704.0,17,1,2357,2025-06-18
2025-06-18 12:10:19.718177,703.0,1,703.0,4,704.0,17,2,2357,2025-06-18
2025-06-18 12:10:30.624968,703.0,1,703.0,3,704.0,18,2,2357,2025-06-18
2025-06-18 12:10:30.651369,703.0,3,702.0,28,704.0,18,2,2357,2025-06-18
2025-06-18 12:10:40.045962,703.0,1,702.0,30,703.0,4,1,2357,2025-06-18
2025-06-18 12:10:51.059908,703.0,1,702.0,31,703.0,4,1,2357,2025-06-18
2025-06-18 12:10:57.279831,703.0,3,702.0,32,703.0,4,1,2357,2025-06-18
2025-06-18 12:10:58.643747,703.0,1,702.0,32,703.0,5,1,2357,2025-06-18
2025-06-18 12:11:16.248234,703.0,3,702.0,32,703.0,5,1,2357,2025-06-18
2025-06-18 12:11:30.050484,703.0,1,702.0,32,703.0,7,1,2357,2025-06-18
2025-06-18 12:11:31.047489,703.0,1,702.0,32,703.0,7,1,2357,2025-06-18
2025-06-18 12:11:49.130445,703.0,1,702.0,34,703.0,8,1,2357,2025-06-18
2025-06-18 12:11:49.358191,703.0,1,702.0,34,703.0,7,1,2357,2025-06-18
2025-06-18 12:12:01.049995,703.0,1,702.0,35,703.0,7,1,2357,2025-06-18
2025-06-18 12:12:06.358338,702.0,1,702.0,39,703.0,7,2,2357,2025-06-18
2025-06-18 12:12:20.056293,703.0,1,702.0,39,703.0,10,1,2357,2025-06-18
2025-06-18 12:12:28.639210,703.0,1,702.0,39,703.0,8,1,2357,2025-06-18
2025-06-18 12:12:41.053430,703.0,1,702.0,42,703.0,8,1,2357,2025-06-18
2025-06-18 12:13:10.050961,703.0,1,702.0,45,703.0,8,1,2357,2025-06-18
2025-06-18 12:13:21.041048,703.0,1,702.0,45,703.0,7,1,2357,2025-06-18
2025-06-18 12:13:37.336474,703.0,2,702.0,45,703.0,5,1,2357,2025-06-18
2025-06-18 12:13:37.413337,703.0,2,702.0,46,703.0,3,1,2357,2025-06-18
2025-06-18 12:13:51.059210,703.0,1,702.0,45,703.0,6,1,2357,2025-06-18
2025-06-18 12:13:56.899500,703.0,1,702.0,45,703.0,5,1,2357,2025-06-18
