ts,close,volume,bid_price,bid_volume,ask_price,ask_volume,tick_type,code,date
2025-06-17 09:00:08.824694,688.0,51,688.0,3,689.0,10,1,2357,2025-06-17
2025-06-17 09:00:08.856753,688.0,2,688.0,1,689.0,10,2,2357,2025-06-17
2025-06-17 09:00:08.859799,688.0,1,687.0,8,688.0,1,2,2357,2025-06-17
2025-06-17 09:00:21.149610,688.0,7,688.0,3,689.0,11,1,2357,2025-06-17
2025-06-17 09:00:21.865499,689.0,10,688.0,28,689.0,10,1,2357,2025-06-17
2025-06-17 09:00:29.452443,689.0,4,689.0,15,690.0,25,2,2357,2025-06-17
2025-06-17 09:00:33.590559,689.0,1,689.0,3,690.0,26,2,2357,2025-06-17
2025-06-17 09:00:40.114202,689.0,1,689.0,2,690.0,26,2,2357,2025-06-17
2025-06-17 09:00:46.829052,689.0,1,689.0,3,690.0,26,2,2357,2025-06-17
2025-06-17 09:00:51.391353,689.0,3,688.0,31,689.0,1,2,2357,2025-06-17
2025-06-17 09:00:51.453539,689.0,1,689.0,1,690.0,26,1,2357,2025-06-17
2025-06-17 09:00:54.808579,689.0,1,689.0,1,690.0,26,2,2357,2025-06-17
2025-06-17 09:00:58.364361,689.0,1,688.0,8,690.0,29,1,2357,2025-06-17
2025-06-17 09:01:09.419982,690.0,19,689.0,7,690.0,10,1,2357,2025-06-17
2025-06-17 09:01:09.454961,690.0,2,689.0,9,690.0,8,1,2357,2025-06-17
2025-06-17 09:01:09.455026,690.0,2,689.0,9,690.0,6,1,2357,2025-06-17
2025-06-17 09:01:09.455340,690.0,2,689.0,9,690.0,4,1,2357,2025-06-17
2025-06-17 09:01:09.458858,690.0,4,690.0,1,691.0,6,1,2357,2025-06-17
2025-06-17 09:01:09.546520,690.0,1,690.0,9,691.0,5,2,2357,2025-06-17
2025-06-17 09:01:09.615188,690.0,1,690.0,6,691.0,5,2,2357,2025-06-17
2025-06-17 09:01:09.802992,690.0,5,689.0,20,691.0,6,2,2357,2025-06-17
2025-06-17 09:01:09.858447,690.0,1,690.0,1,691.0,7,2,2357,2025-06-17
2025-06-17 09:01:10.293889,691.0,2,689.0,5,691.0,8,1,2357,2025-06-17
2025-06-17 09:01:12.595627,691.0,1,689.0,12,691.0,9,1,2357,2025-06-17
2025-06-17 09:01:13.601912,690.0,6,690.0,6,691.0,8,2,2357,2025-06-17
2025-06-17 09:01:17.749499,690.0,1,689.0,9,690.0,4,1,2357,2025-06-17
2025-06-17 09:01:36.716717,690.0,1,689.0,11,690.0,14,1,2357,2025-06-17
2025-06-17 09:01:46.780281,690.0,1,689.0,10,690.0,13,1,2357,2025-06-17
2025-06-17 09:01:48.005620,690.0,13,689.0,10,691.0,6,1,2357,2025-06-17
2025-06-17 09:01:48.856864,690.0,1,690.0,2,691.0,6,2,2357,2025-06-17
2025-06-17 09:01:58.565748,690.0,2,690.0,3,691.0,9,2,2357,2025-06-17
2025-06-17 09:01:58.985086,690.0,3,689.0,14,691.0,10,2,2357,2025-06-17
2025-06-17 09:01:58.985086,689.0,3,689.0,14,691.0,10,2,2357,2025-06-17
2025-06-17 09:02:04.792028,689.0,3,689.0,5,690.0,9,2,2357,2025-06-17
2025-06-17 09:02:08.193170,689.0,2,689.0,4,690.0,9,2,2357,2025-06-17
2025-06-17 09:02:08.208358,689.0,3,689.0,1,690.0,9,2,2357,2025-06-17
2025-06-17 09:02:14.445652,689.0,1,688.0,10,690.0,11,2,2357,2025-06-17
2025-06-17 09:02:20.584765,689.0,1,688.0,9,689.0,2,1,2357,2025-06-17
2025-06-17 09:02:23.097883,689.0,2,688.0,9,689.0,3,1,2357,2025-06-17
2025-06-17 09:02:35.440321,689.0,5,688.0,10,689.0,2,1,2357,2025-06-17
2025-06-17 09:02:49.664998,689.0,1,688.0,8,689.0,2,1,2357,2025-06-17
2025-06-17 09:02:57.025187,689.0,1,688.0,8,689.0,1,1,2357,2025-06-17
2025-06-17 09:03:02.072352,688.0,1,688.0,7,689.0,2,2,2357,2025-06-17
2025-06-17 09:03:02.826087,689.0,2,689.0,3,690.0,9,1,2357,2025-06-17
2025-06-17 09:03:02.852427,689.0,3,688.0,7,690.0,8,2,2357,2025-06-17
2025-06-17 09:03:05.189208,688.0,2,688.0,5,689.0,3,2,2357,2025-06-17
2025-06-17 09:03:05.211673,688.0,5,687.0,40,689.0,3,2,2357,2025-06-17
2025-06-17 09:03:10.048590,688.0,1,687.0,12,688.0,1,1,2357,2025-06-17
2025-06-17 09:03:17.352005,687.0,1,687.0,11,688.0,3,2,2357,2025-06-17
2025-06-17 09:03:21.695137,687.0,2,687.0,9,688.0,16,2,2357,2025-06-17
2025-06-17 09:03:21.705232,687.0,9,686.0,11,688.0,16,2,2357,2025-06-17
2025-06-17 09:03:59.341734,686.0,11,685.0,5,687.0,11,2,2357,2025-06-17
2025-06-17 09:04:21.561280,685.0,2,685.0,17,686.0,4,2,2357,2025-06-17
2025-06-17 09:04:27.915552,686.0,1,685.0,17,686.0,4,1,2357,2025-06-17
2025-06-17 09:04:44.232795,686.0,5,685.0,22,687.0,4,1,2357,2025-06-17
2025-06-17 09:04:53.826217,687.0,1,686.0,15,687.0,1,1,2357,2025-06-17
2025-06-17 09:04:54.200307,687.0,2,687.0,8,689.0,5,1,2357,2025-06-17
2025-06-17 09:04:54.299600,687.0,1,687.0,11,689.0,4,2,2357,2025-06-17
2025-06-17 09:05:01.227800,687.0,1,687.0,11,689.0,6,2,2357,2025-06-17
2025-06-17 09:05:15.567011,688.0,3,687.0,8,689.0,17,2,2357,2025-06-17
2025-06-17 09:05:38.680252,688.0,1,687.0,15,688.0,6,1,2357,2025-06-17
2025-06-17 09:05:59.819542,688.0,1,687.0,9,688.0,8,1,2357,2025-06-17
2025-06-17 09:06:04.440319,688.0,1,687.0,9,688.0,6,1,2357,2025-06-17
2025-06-17 09:06:04.765462,688.0,1,687.0,9,688.0,5,1,2357,2025-06-17
2025-06-17 09:06:18.327921,688.0,1,687.0,10,688.0,5,1,2357,2025-06-17
2025-06-17 09:06:27.377274,688.0,2,687.0,10,688.0,3,1,2357,2025-06-17
2025-06-17 09:06:29.843968,688.0,1,687.0,10,688.0,2,1,2357,2025-06-17
2025-06-17 09:06:42.980624,688.0,1,687.0,10,688.0,1,1,2357,2025-06-17
2025-06-17 09:07:06.071816,688.0,2,687.0,11,688.0,4,1,2357,2025-06-17
2025-06-17 09:07:53.746078,688.0,1,687.0,11,688.0,2,1,2357,2025-06-17
2025-06-17 09:08:19.874390,688.0,1,687.0,13,688.0,1,1,2357,2025-06-17
2025-06-17 09:08:39.979986,687.0,3,687.0,7,688.0,13,2,2357,2025-06-17
2025-06-17 09:08:40.002528,687.0,4,686.0,8,688.0,14,2,2357,2025-06-17
2025-06-17 09:08:56.663077,687.0,1,686.0,6,688.0,16,2,2357,2025-06-17
2025-06-17 09:09:20.585486,687.0,2,686.0,8,687.0,5,1,2357,2025-06-17
2025-06-17 09:09:24.852646,687.0,1,686.0,9,687.0,4,1,2357,2025-06-17
2025-06-17 09:09:54.431166,686.0,3,686.0,9,687.0,4,2,2357,2025-06-17
2025-06-17 09:09:56.838697,687.0,4,687.0,3,688.0,13,1,2357,2025-06-17
2025-06-17 09:10:03.037292,687.0,7,686.0,8,687.0,3,2,2357,2025-06-17
2025-06-17 09:10:18.574823,686.0,6,686.0,4,687.0,7,2,2357,2025-06-17
2025-06-17 09:10:18.694855,687.0,5,686.0,4,687.0,2,1,2357,2025-06-17
2025-06-17 09:11:04.376785,686.0,1,686.0,3,687.0,10,2,2357,2025-06-17
2025-06-17 09:11:04.426377,686.0,2,685.0,37,687.0,11,2,2357,2025-06-17
2025-06-17 09:11:09.449406,686.0,2,685.0,24,686.0,16,1,2357,2025-06-17
2025-06-17 09:11:09.722924,686.0,1,685.0,24,686.0,15,1,2357,2025-06-17
2025-06-17 09:11:17.483456,686.0,2,685.0,21,686.0,15,1,2357,2025-06-17
2025-06-17 09:11:25.662158,685.0,1,685.0,20,686.0,16,2,2357,2025-06-17
2025-06-17 09:11:35.918162,685.0,1,685.0,20,686.0,16,2,2357,2025-06-17
2025-06-17 09:11:39.625478,685.0,1,685.0,19,686.0,16,2,2357,2025-06-17
2025-06-17 09:11:45.315926,685.0,1,685.0,18,686.0,16,2,2357,2025-06-17
2025-06-17 09:12:07.623830,686.0,1,685.0,19,686.0,17,1,2357,2025-06-17
2025-06-17 09:12:11.327537,686.0,15,685.0,19,686.0,4,1,2357,2025-06-17
2025-06-17 09:12:11.397334,686.0,1,685.0,19,686.0,3,1,2357,2025-06-17
2025-06-17 09:12:34.334213,686.0,1,685.0,18,686.0,4,1,2357,2025-06-17
2025-06-17 09:12:35.116317,685.0,1,685.0,17,686.0,4,2,2357,2025-06-17
2025-06-17 09:12:38.406316,686.0,2,685.0,19,686.0,2,1,2357,2025-06-17
2025-06-17 09:12:46.061718,686.0,2,685.0,23,687.0,3,1,2357,2025-06-17
2025-06-17 09:12:53.634163,687.0,1,686.0,4,687.0,3,1,2357,2025-06-17
2025-06-17 09:12:53.825632,687.0,1,686.0,4,687.0,1,1,2357,2025-06-17
2025-06-17 09:12:53.849683,687.0,1,686.0,6,687.0,1,1,2357,2025-06-17
2025-06-17 09:13:04.224752,688.0,5,686.0,6,688.0,14,1,2357,2025-06-17
2025-06-17 09:13:13.841492,688.0,1,687.0,3,688.0,12,1,2357,2025-06-17
2025-06-17 09:13:13.981158,688.0,1,687.0,3,688.0,11,1,2357,2025-06-17
2025-06-17 09:13:13.994053,688.0,1,687.0,3,688.0,10,1,2357,2025-06-17
2025-06-17 09:13:14.055337,688.0,1,687.0,3,688.0,9,1,2357,2025-06-17
2025-06-17 09:13:16.992428,688.0,2,687.0,3,688.0,7,1,2357,2025-06-17
2025-06-17 09:13:17.673264,688.0,1,687.0,3,688.0,6,1,2357,2025-06-17
2025-06-17 09:13:23.059601,688.0,5,687.0,3,689.0,16,1,2357,2025-06-17
2025-06-17 09:13:23.059601,689.0,5,687.0,3,689.0,16,1,2357,2025-06-17
2025-06-17 09:13:31.618942,689.0,1,688.0,2,689.0,17,1,2357,2025-06-17
2025-06-17 09:13:31.748910,689.0,1,688.0,2,689.0,16,1,2357,2025-06-17
2025-06-17 09:13:31.839260,689.0,1,688.0,2,689.0,15,1,2357,2025-06-17
2025-06-17 09:13:43.340895,689.0,1,687.0,7,689.0,14,1,2357,2025-06-17
2025-06-17 09:13:43.347878,689.0,1,687.0,7,689.0,13,1,2357,2025-06-17
2025-06-17 09:13:43.657669,689.0,1,687.0,7,689.0,12,1,2357,2025-06-17
2025-06-17 09:13:51.951498,689.0,2,687.0,7,689.0,10,1,2357,2025-06-17
2025-06-17 09:14:06.156175,689.0,1,688.0,2,689.0,26,1,2357,2025-06-17
2025-06-17 09:14:06.167379,689.0,1,688.0,2,689.0,25,1,2357,2025-06-17
2025-06-17 09:14:06.279643,688.0,1,688.0,1,689.0,25,2,2357,2025-06-17
2025-06-17 09:14:06.386220,689.0,10,688.0,1,689.0,15,1,2357,2025-06-17
2025-06-17 09:14:06.455815,689.0,1,688.0,2,689.0,14,1,2357,2025-06-17
2025-06-17 09:14:16.142250,689.0,2,688.0,8,689.0,13,1,2357,2025-06-17
2025-06-17 09:14:21.496189,689.0,2,688.0,8,689.0,11,1,2357,2025-06-17
2025-06-17 09:14:31.084289,688.0,1,688.0,6,689.0,12,2,2357,2025-06-17
2025-06-17 09:14:33.625783,689.0,1,688.0,3,689.0,11,1,2357,2025-06-17
2025-06-17 09:14:33.637959,689.0,1,688.0,3,689.0,10,1,2357,2025-06-17
2025-06-17 09:14:33.739586,689.0,1,688.0,3,689.0,9,1,2357,2025-06-17
2025-06-17 09:14:49.957457,689.0,2,688.0,9,689.0,7,1,2357,2025-06-17
2025-06-17 09:14:51.453387,689.0,2,688.0,9,689.0,5,1,2357,2025-06-17
2025-06-17 09:15:00.047318,689.0,1,688.0,5,689.0,6,1,2357,2025-06-17
2025-06-17 09:15:01.354725,689.0,2,688.0,5,689.0,4,1,2357,2025-06-17
2025-06-17 09:15:08.268204,689.0,2,688.0,5,689.0,2,1,2357,2025-06-17
2025-06-17 09:15:25.173397,688.0,5,687.0,4,689.0,11,2,2357,2025-06-17
2025-06-17 09:15:38.940247,686.0,6,685.0,24,687.0,2,2,2357,2025-06-17
2025-06-17 09:15:42.775792,685.0,1,685.0,21,687.0,5,2,2357,2025-06-17
2025-06-17 09:15:55.599618,685.0,20,685.0,1,686.0,5,2,2357,2025-06-17
2025-06-17 09:15:55.632423,685.0,1,684.0,10,686.0,5,2,2357,2025-06-17
2025-06-17 09:16:12.751254,684.0,1,684.0,8,685.0,7,2,2357,2025-06-17
2025-06-17 09:16:13.648348,684.0,1,684.0,7,685.0,7,2,2357,2025-06-17
2025-06-17 09:16:25.413040,684.0,2,684.0,10,685.0,5,2,2357,2025-06-17
2025-06-17 09:17:05.056263,684.0,1,684.0,3,685.0,3,2,2357,2025-06-17
2025-06-17 09:17:33.125322,685.0,2,684.0,9,685.0,1,1,2357,2025-06-17
2025-06-17 09:18:10.764065,685.0,1,684.0,12,685.0,1,1,2357,2025-06-17
2025-06-17 09:18:12.076167,685.0,1,684.0,13,686.0,4,1,2357,2025-06-17
2025-06-17 09:18:30.124041,686.0,1,685.0,13,686.0,3,1,2357,2025-06-17
2025-06-17 09:19:22.146488,686.0,1,685.0,14,686.0,7,1,2357,2025-06-17
2025-06-17 09:19:23.442649,686.0,1,685.0,14,686.0,6,1,2357,2025-06-17
2025-06-17 09:19:43.660484,686.0,1,685.0,15,686.0,7,1,2357,2025-06-17
2025-06-17 09:19:51.700647,685.0,3,685.0,12,686.0,9,2,2357,2025-06-17
2025-06-17 09:19:51.733323,685.0,4,685.0,8,686.0,11,2,2357,2025-06-17
2025-06-17 09:19:51.796324,685.0,3,685.0,5,686.0,13,2,2357,2025-06-17
2025-06-17 09:19:51.796348,685.0,1,685.0,4,686.0,13,2,2357,2025-06-17
2025-06-17 09:19:51.796372,685.0,1,685.0,3,686.0,13,2,2357,2025-06-17
2025-06-17 09:19:51.867818,685.0,3,684.0,15,686.0,13,2,2357,2025-06-17
2025-06-17 09:20:00.104422,685.0,1,684.0,18,686.0,8,2,2357,2025-06-17
2025-06-17 09:20:02.519393,685.0,2,684.0,17,686.0,7,2,2357,2025-06-17
2025-06-17 09:20:05.994025,686.0,2,684.0,17,686.0,5,1,2357,2025-06-17
2025-06-17 09:20:13.288282,685.0,3,684.0,19,686.0,5,1,2357,2025-06-17
2025-06-17 09:20:16.896670,685.0,2,685.0,1,686.0,6,2,2357,2025-06-17
2025-06-17 09:20:31.208223,686.0,5,685.0,10,687.0,6,1,2357,2025-06-17
2025-06-17 09:20:32.299736,685.0,1,685.0,16,687.0,5,2,2357,2025-06-17
2025-06-17 09:21:39.766733,685.0,1,685.0,7,687.0,8,2,2357,2025-06-17
2025-06-17 09:22:36.388640,685.0,1,685.0,10,686.0,2,2,2357,2025-06-17
2025-06-17 09:22:39.462713,686.0,2,685.0,10,687.0,6,1,2357,2025-06-17
2025-06-17 09:23:36.879892,686.0,1,686.0,3,687.0,6,2,2357,2025-06-17
2025-06-17 09:23:46.677361,686.0,1,686.0,2,687.0,6,2,2357,2025-06-17
2025-06-17 09:24:25.506430,686.0,2,686.0,3,687.0,9,2,2357,2025-06-17
2025-06-17 09:25:11.515143,687.0,3,686.0,6,687.0,9,1,2357,2025-06-17
2025-06-17 09:25:35.580823,687.0,5,686.0,6,687.0,5,1,2357,2025-06-17
2025-06-17 09:25:35.611666,687.0,5,686.0,7,688.0,4,1,2357,2025-06-17
2025-06-17 09:27:28.682894,688.0,1,687.0,10,688.0,10,1,2357,2025-06-17
2025-06-17 09:27:43.985024,688.0,2,687.0,11,688.0,8,1,2357,2025-06-17
2025-06-17 09:28:45.002500,687.0,1,687.0,12,688.0,13,2,2357,2025-06-17
2025-06-17 09:28:45.654990,688.0,1,687.0,12,688.0,12,1,2357,2025-06-17
2025-06-17 09:28:48.990025,687.0,1,687.0,11,688.0,12,2,2357,2025-06-17
2025-06-17 09:29:01.904804,687.0,1,687.0,10,688.0,14,2,2357,2025-06-17
2025-06-17 09:29:05.114200,687.0,1,687.0,9,688.0,14,2,2357,2025-06-17
2025-06-17 09:29:30.669752,688.0,1,687.0,10,688.0,15,1,2357,2025-06-17
2025-06-17 09:29:31.445216,687.0,1,687.0,9,688.0,15,2,2357,2025-06-17
2025-06-17 09:29:41.974400,687.0,1,687.0,9,688.0,15,2,2357,2025-06-17
2025-06-17 09:30:17.195984,688.0,2,687.0,15,688.0,18,1,2357,2025-06-17
2025-06-17 09:30:20.197448,687.0,1,687.0,15,688.0,18,2,2357,2025-06-17
2025-06-17 09:31:53.755421,687.0,1,687.0,23,688.0,25,2,2357,2025-06-17
2025-06-17 09:32:50.309119,688.0,2,687.0,30,688.0,24,1,2357,2025-06-17
2025-06-17 09:32:58.580274,688.0,1,687.0,30,688.0,23,1,2357,2025-06-17
2025-06-17 09:34:54.517439,688.0,1,687.0,33,688.0,22,1,2357,2025-06-17
2025-06-17 09:35:00.238525,688.0,5,687.0,31,688.0,17,1,2357,2025-06-17
2025-06-17 09:35:03.054781,688.0,1,687.0,31,688.0,16,1,2357,2025-06-17
2025-06-17 09:35:05.498576,688.0,1,687.0,31,688.0,15,1,2357,2025-06-17
2025-06-17 09:35:22.015390,688.0,2,687.0,32,688.0,15,1,2357,2025-06-17
2025-06-17 09:35:30.824043,688.0,1,687.0,31,688.0,18,1,2357,2025-06-17
2025-06-17 09:35:52.702327,688.0,1,687.0,31,688.0,19,1,2357,2025-06-17
2025-06-17 09:35:59.107051,688.0,1,687.0,33,688.0,18,1,2357,2025-06-17
2025-06-17 09:36:05.444418,688.0,1,687.0,32,688.0,17,1,2357,2025-06-17
2025-06-17 09:36:22.327454,687.0,1,687.0,31,688.0,19,2,2357,2025-06-17
2025-06-17 09:37:12.927298,688.0,1,687.0,32,688.0,19,1,2357,2025-06-17
2025-06-17 09:37:33.272467,688.0,1,687.0,35,688.0,19,1,2357,2025-06-17
2025-06-17 09:37:55.490631,688.0,3,687.0,35,688.0,17,1,2357,2025-06-17
2025-06-17 09:37:55.511315,688.0,17,687.0,35,689.0,24,1,2357,2025-06-17
2025-06-17 09:37:55.724312,689.0,1,688.0,7,689.0,21,1,2357,2025-06-17
2025-06-17 09:38:00.157762,689.0,21,688.0,24,690.0,46,1,2357,2025-06-17
2025-06-17 09:38:00.434246,689.0,20,689.0,3,690.0,46,2,2357,2025-06-17
2025-06-17 09:38:00.461720,689.0,2,689.0,1,690.0,46,2,2357,2025-06-17
2025-06-17 09:38:02.403921,690.0,1,689.0,11,690.0,45,1,2357,2025-06-17
2025-06-17 09:38:03.260399,689.0,1,689.0,10,690.0,45,2,2357,2025-06-17
2025-06-17 09:38:04.414533,689.0,10,689.0,1,690.0,45,2,2357,2025-06-17
2025-06-17 09:38:19.467750,689.0,3,688.0,16,689.0,2,2,2357,2025-06-17
2025-06-17 09:38:47.094607,689.0,1,688.0,3,689.0,6,1,2357,2025-06-17
2025-06-17 09:39:16.257103,689.0,1,688.0,8,689.0,7,1,2357,2025-06-17
2025-06-17 09:39:59.316280,689.0,1,688.0,9,689.0,7,1,2357,2025-06-17
2025-06-17 09:40:28.551281,689.0,2,688.0,17,689.0,6,1,2357,2025-06-17
2025-06-17 09:41:27.703688,688.0,13,688.0,5,689.0,11,2,2357,2025-06-17
2025-06-17 09:41:43.072755,688.0,1,688.0,4,689.0,13,2,2357,2025-06-17
2025-06-17 09:41:49.608419,688.0,1,688.0,3,689.0,14,2,2357,2025-06-17
2025-06-17 09:41:58.426643,688.0,1,688.0,2,689.0,13,2,2357,2025-06-17
2025-06-17 09:42:26.809633,688.0,1,688.0,3,689.0,13,2,2357,2025-06-17
2025-06-17 09:42:36.363600,689.0,1,688.0,4,689.0,12,1,2357,2025-06-17
2025-06-17 09:42:38.385202,688.0,4,687.0,17,689.0,12,2,2357,2025-06-17
2025-06-17 09:43:01.418815,689.0,2,687.0,14,689.0,15,1,2357,2025-06-17
2025-06-17 09:43:23.702119,688.0,1,688.0,7,689.0,12,2,2357,2025-06-17
2025-06-17 09:44:50.590491,688.0,1,688.0,2,689.0,13,2,2357,2025-06-17
2025-06-17 09:45:34.176652,689.0,2,688.0,6,689.0,12,1,2357,2025-06-17
2025-06-17 09:47:46.698403,689.0,1,688.0,23,689.0,23,1,2357,2025-06-17
2025-06-17 09:47:55.941146,689.0,1,688.0,20,689.0,22,1,2357,2025-06-17
2025-06-17 09:48:00.794811,689.0,1,688.0,20,689.0,21,1,2357,2025-06-17
2025-06-17 09:48:06.451633,689.0,3,688.0,20,689.0,18,1,2357,2025-06-17
2025-06-17 09:48:42.697837,688.0,1,688.0,20,689.0,19,2,2357,2025-06-17
2025-06-17 09:50:31.989278,689.0,1,688.0,29,689.0,21,1,2357,2025-06-17
2025-06-17 09:50:39.213385,689.0,2,688.0,29,689.0,19,1,2357,2025-06-17
2025-06-17 09:50:39.569823,689.0,2,688.0,27,689.0,17,1,2357,2025-06-17
2025-06-17 09:51:01.939945,689.0,1,688.0,30,689.0,19,1,2357,2025-06-17
2025-06-17 09:51:33.924818,689.0,1,688.0,32,689.0,21,1,2357,2025-06-17
2025-06-17 09:51:47.605229,689.0,1,688.0,33,689.0,24,1,2357,2025-06-17
2025-06-17 09:51:56.869339,689.0,1,688.0,33,689.0,23,1,2357,2025-06-17
2025-06-17 09:52:53.327000,689.0,1,688.0,35,689.0,27,1,2357,2025-06-17
2025-06-17 09:53:11.775231,689.0,2,688.0,40,689.0,26,1,2357,2025-06-17
2025-06-17 09:53:12.728837,689.0,1,688.0,40,689.0,25,1,2357,2025-06-17
2025-06-17 09:53:12.899482,689.0,1,688.0,38,689.0,24,1,2357,2025-06-17
2025-06-17 09:53:20.462507,689.0,2,688.0,38,689.0,22,1,2357,2025-06-17
2025-06-17 09:53:31.065396,689.0,2,688.0,43,689.0,22,1,2357,2025-06-17
2025-06-17 09:53:31.337765,689.0,1,688.0,43,689.0,21,1,2357,2025-06-17
2025-06-17 09:53:31.371600,689.0,2,688.0,43,689.0,19,1,2357,2025-06-17
2025-06-17 09:53:31.401157,689.0,9,688.0,48,689.0,10,1,2357,2025-06-17
2025-06-17 09:53:31.434012,689.0,3,688.0,52,689.0,8,1,2357,2025-06-17
2025-06-17 09:53:31.436885,689.0,8,688.0,53,690.0,61,1,2357,2025-06-17
2025-06-17 09:53:31.486249,689.0,1,689.0,10,690.0,61,2,2357,2025-06-17
2025-06-17 09:53:31.491599,690.0,1,689.0,9,690.0,60,1,2357,2025-06-17
2025-06-17 09:53:31.648595,690.0,1,689.0,13,690.0,60,1,2357,2025-06-17
2025-06-17 09:53:32.058255,690.0,15,689.0,24,690.0,44,1,2357,2025-06-17
2025-06-17 09:53:32.904203,690.0,1,689.0,24,690.0,43,1,2357,2025-06-17
2025-06-17 09:53:36.971317,690.0,1,689.0,30,690.0,43,1,2357,2025-06-17
2025-06-17 09:53:48.564451,689.0,1,689.0,30,690.0,49,2,2357,2025-06-17
2025-06-17 09:53:58.248131,690.0,1,689.0,23,690.0,51,1,2357,2025-06-17
2025-06-17 09:54:04.693302,689.0,1,689.0,23,690.0,51,2,2357,2025-06-17
2025-06-17 09:54:09.934928,690.0,1,689.0,24,690.0,50,1,2357,2025-06-17
2025-06-17 09:54:11.045094,689.0,1,689.0,23,690.0,50,2,2357,2025-06-17
2025-06-17 09:54:36.652030,690.0,1,689.0,24,690.0,51,1,2357,2025-06-17
2025-06-17 09:54:51.919994,690.0,1,689.0,25,690.0,51,1,2357,2025-06-17
2025-06-17 09:55:04.581676,689.0,4,689.0,23,690.0,49,2,2357,2025-06-17
2025-06-17 09:55:20.330328,689.0,1,689.0,18,690.0,54,2,2357,2025-06-17
2025-06-17 09:55:41.632455,690.0,1,689.0,18,690.0,55,1,2357,2025-06-17
2025-06-17 09:55:44.597104,690.0,2,689.0,19,690.0,52,1,2357,2025-06-17
2025-06-17 09:55:52.983833,690.0,1,689.0,20,690.0,51,1,2357,2025-06-17
2025-06-17 09:56:27.694317,690.0,1,689.0,20,690.0,51,1,2357,2025-06-17
2025-06-17 09:56:46.162438,690.0,1,689.0,23,690.0,51,1,2357,2025-06-17
2025-06-17 09:57:11.648146,690.0,1,689.0,23,690.0,50,1,2357,2025-06-17
2025-06-17 09:57:17.934682,690.0,1,689.0,24,690.0,49,1,2357,2025-06-17
2025-06-17 09:57:23.670683,690.0,1,689.0,24,690.0,48,1,2357,2025-06-17
2025-06-17 09:57:51.221707,690.0,1,689.0,28,690.0,44,1,2357,2025-06-17
2025-06-17 09:57:51.594910,690.0,1,689.0,28,690.0,43,1,2357,2025-06-17
2025-06-17 09:58:18.012534,690.0,2,689.0,28,690.0,42,1,2357,2025-06-17
2025-06-17 09:58:27.376165,690.0,1,689.0,28,690.0,41,1,2357,2025-06-17
2025-06-17 09:58:42.624634,690.0,1,689.0,29,690.0,41,1,2357,2025-06-17
2025-06-17 09:58:56.150927,690.0,1,689.0,29,690.0,40,1,2357,2025-06-17
2025-06-17 09:59:14.354057,690.0,44,689.0,30,692.0,37,1,2357,2025-06-17
2025-06-17 09:59:14.354057,691.0,33,689.0,30,692.0,37,1,2357,2025-06-17
2025-06-17 09:59:14.354057,692.0,7,689.0,30,692.0,37,1,2357,2025-06-17
2025-06-17 09:59:14.625701,691.0,2,691.0,13,692.0,37,2,2357,2025-06-17
2025-06-17 09:59:16.971879,691.0,1,691.0,14,692.0,37,2,2357,2025-06-17
2025-06-17 09:59:17.765949,692.0,4,691.0,14,692.0,33,1,2357,2025-06-17
2025-06-17 09:59:21.150396,692.0,1,691.0,13,692.0,32,1,2357,2025-06-17
2025-06-17 09:59:26.687133,691.0,1,691.0,12,692.0,33,2,2357,2025-06-17
2025-06-17 09:59:28.581779,692.0,20,691.0,13,692.0,14,1,2357,2025-06-17
2025-06-17 09:59:28.609423,692.0,3,691.0,36,692.0,11,1,2357,2025-06-17
2025-06-17 09:59:28.630405,691.0,29,691.0,11,692.0,11,2,2357,2025-06-17
2025-06-17 09:59:28.630958,692.0,11,691.0,10,693.0,21,1,2357,2025-06-17
2025-06-17 09:59:33.775827,691.0,10,691.0,30,692.0,7,2,2357,2025-06-17
2025-06-17 09:59:33.797841,692.0,7,691.0,20,693.0,21,1,2357,2025-06-17
2025-06-17 09:59:34.767813,693.0,1,691.0,34,693.0,21,1,2357,2025-06-17
2025-06-17 09:59:38.338508,693.0,21,691.0,40,694.0,9,1,2357,2025-06-17
2025-06-17 09:59:38.979481,693.0,1,692.0,20,694.0,10,2,2357,2025-06-17
2025-06-17 09:59:39.961902,694.0,1,693.0,1,694.0,13,1,2357,2025-06-17
2025-06-17 09:59:40.984117,692.0,1,692.0,20,694.0,9,2,2357,2025-06-17
2025-06-17 09:59:42.107779,694.0,1,692.0,20,694.0,9,1,2357,2025-06-17
2025-06-17 09:59:45.919286,693.0,1,692.0,21,694.0,9,1,2357,2025-06-17
2025-06-17 09:59:47.170111,694.0,1,693.0,2,694.0,9,1,2357,2025-06-17
2025-06-17 09:59:48.178398,694.0,5,693.0,2,694.0,4,1,2357,2025-06-17
2025-06-17 09:59:52.512190,694.0,1,693.0,6,694.0,4,1,2357,2025-06-17
2025-06-17 09:59:52.789933,693.0,1,693.0,5,694.0,4,2,2357,2025-06-17
2025-06-17 09:59:53.300234,694.0,1,693.0,2,694.0,3,1,2357,2025-06-17
2025-06-17 10:00:02.231982,694.0,4,693.0,22,694.0,1,1,2357,2025-06-17
2025-06-17 10:00:02.262586,694.0,1,693.0,30,695.0,58,1,2357,2025-06-17
2025-06-17 10:00:03.325334,694.0,1,694.0,6,695.0,59,2,2357,2025-06-17
2025-06-17 10:00:09.185866,695.0,20,694.0,4,695.0,39,1,2357,2025-06-17
2025-06-17 10:00:10.044590,695.0,1,694.0,16,695.0,36,1,2357,2025-06-17
2025-06-17 10:00:25.939430,695.0,1,694.0,14,695.0,35,1,2357,2025-06-17
2025-06-17 10:00:30.447970,695.0,35,695.0,464,696.0,32,1,2357,2025-06-17
2025-06-17 10:00:30.467989,696.0,2,695.0,464,696.0,30,1,2357,2025-06-17
2025-06-17 10:00:30.468174,696.0,2,695.0,464,696.0,28,1,2357,2025-06-17
2025-06-17 10:00:30.468344,696.0,1,695.0,464,696.0,27,1,2357,2025-06-17
2025-06-17 10:00:30.468392,696.0,2,695.0,464,696.0,25,1,2357,2025-06-17
2025-06-17 10:00:30.471303,696.0,3,695.0,464,696.0,22,1,2357,2025-06-17
2025-06-17 10:00:30.492429,695.0,30,695.0,434,696.0,20,2,2357,2025-06-17
2025-06-17 10:00:30.628234,696.0,2,695.0,517,696.0,20,1,2357,2025-06-17
2025-06-17 10:00:31.039980,696.0,4,695.0,533,696.0,15,1,2357,2025-06-17
2025-06-17 10:00:31.376750,696.0,3,695.0,561,696.0,15,1,2357,2025-06-17
2025-06-17 10:00:33.674488,696.0,1,695.0,562,696.0,11,1,2357,2025-06-17
2025-06-17 10:00:34.073820,696.0,1,695.0,562,696.0,10,1,2357,2025-06-17
2025-06-17 10:00:37.289516,696.0,1,695.0,20,696.0,8,1,2357,2025-06-17
2025-06-17 10:00:37.566631,696.0,1,695.0,20,696.0,7,1,2357,2025-06-17
2025-06-17 10:00:38.882996,696.0,1,695.0,24,696.0,6,1,2357,2025-06-17
2025-06-17 10:00:39.839202,696.0,6,696.0,4,697.0,20,1,2357,2025-06-17
2025-06-17 10:00:40.595419,696.0,1,696.0,16,697.0,19,2,2357,2025-06-17
2025-06-17 10:00:41.029881,696.0,1,696.0,15,697.0,19,2,2357,2025-06-17
2025-06-17 10:00:47.500977,697.0,19,696.0,13,697.0,19,1,2357,2025-06-17
2025-06-17 10:00:48.124666,697.0,2,697.0,1,698.0,45,2,2357,2025-06-17
2025-06-17 10:00:48.472248,698.0,2,697.0,1,698.0,43,1,2357,2025-06-17
2025-06-17 10:00:48.497628,698.0,3,697.0,6,698.0,40,1,2357,2025-06-17
2025-06-17 10:00:48.971800,698.0,1,697.0,7,698.0,39,1,2357,2025-06-17
2025-06-17 10:00:48.997291,698.0,39,697.0,7,698.0,39,1,2357,2025-06-17
2025-06-17 10:00:49.078178,699.0,1,698.0,5,699.0,21,1,2357,2025-06-17
2025-06-17 10:00:49.307889,699.0,1,698.0,9,699.0,20,1,2357,2025-06-17
2025-06-17 10:00:49.340170,699.0,13,698.0,9,699.0,7,1,2357,2025-06-17
2025-06-17 10:00:49.340200,699.0,7,698.0,9,700.0,75,1,2357,2025-06-17
2025-06-17 10:00:50.074227,700.0,3,698.0,33,700.0,72,1,2357,2025-06-17
2025-06-17 10:00:51.733074,700.0,3,699.0,12,700.0,69,1,2357,2025-06-17
2025-06-17 10:01:00.885703,699.0,1,699.0,9,700.0,65,2,2357,2025-06-17
2025-06-17 10:01:01.013530,700.0,1,699.0,9,700.0,65,1,2357,2025-06-17
2025-06-17 10:01:01.488193,699.0,1,699.0,8,700.0,64,2,2357,2025-06-17
2025-06-17 10:01:01.858417,700.0,1,699.0,7,700.0,63,1,2357,2025-06-17
2025-06-17 10:01:06.522612,699.0,1,699.0,6,700.0,63,2,2357,2025-06-17
2025-06-17 10:01:07.934363,699.0,1,699.0,4,700.0,63,2,2357,2025-06-17
2025-06-17 10:01:08.217978,699.0,1,699.0,3,700.0,63,2,2357,2025-06-17
2025-06-17 10:01:12.188597,699.0,1,699.0,4,700.0,64,2,2357,2025-06-17
2025-06-17 10:01:16.718481,699.0,1,699.0,3,700.0,64,2,2357,2025-06-17
2025-06-17 10:01:17.321953,699.0,1,699.0,2,700.0,64,2,2357,2025-06-17
2025-06-17 10:01:18.483339,699.0,1,699.0,1,700.0,65,2,2357,2025-06-17
2025-06-17 10:01:20.377729,699.0,1,698.0,36,700.0,65,2,2357,2025-06-17
2025-06-17 10:01:33.119236,698.0,5,698.0,9,699.0,9,2,2357,2025-06-17
2025-06-17 10:01:39.333115,698.0,1,698.0,8,699.0,14,2,2357,2025-06-17
2025-06-17 10:01:41.535022,698.0,1,698.0,7,699.0,18,2,2357,2025-06-17
2025-06-17 10:01:44.359916,698.0,1,698.0,4,699.0,24,2,2357,2025-06-17
2025-06-17 10:01:46.775593,698.0,4,697.0,4,699.0,30,2,2357,2025-06-17
2025-06-17 10:01:51.018012,698.0,1,697.0,4,698.0,4,1,2357,2025-06-17
2025-06-17 10:01:51.438016,698.0,1,697.0,4,698.0,3,1,2357,2025-06-17
2025-06-17 10:02:46.565031,697.0,1,697.0,6,698.0,17,2,2357,2025-06-17
2025-06-17 10:02:50.348414,697.0,1,697.0,5,698.0,16,2,2357,2025-06-17
2025-06-17 10:02:53.561612,697.0,1,697.0,5,698.0,17,2,2357,2025-06-17
2025-06-17 10:02:54.221062,697.0,1,697.0,4,698.0,17,2,2357,2025-06-17
2025-06-17 10:03:00.229801,698.0,1,697.0,4,698.0,16,1,2357,2025-06-17
2025-06-17 10:03:03.038278,697.0,1,697.0,3,698.0,15,2,2357,2025-06-17
2025-06-17 10:03:03.621788,697.0,1,697.0,2,698.0,15,2,2357,2025-06-17
2025-06-17 10:03:03.736755,697.0,1,697.0,1,698.0,16,2,2357,2025-06-17
2025-06-17 10:03:11.719122,697.0,1,696.0,12,697.0,1,1,2357,2025-06-17
2025-06-17 10:03:12.982878,697.0,1,696.0,12,698.0,13,1,2357,2025-06-17
2025-06-17 10:03:22.087646,697.0,1,696.0,21,698.0,15,1,2357,2025-06-17
2025-06-17 10:03:22.087646,698.0,1,696.0,21,698.0,15,1,2357,2025-06-17
2025-06-17 10:03:48.196348,698.0,1,697.0,2,698.0,16,1,2357,2025-06-17
2025-06-17 10:04:00.238742,698.0,1,697.0,3,698.0,15,1,2357,2025-06-17
2025-06-17 10:04:07.468241,697.0,1,697.0,2,698.0,15,2,2357,2025-06-17
2025-06-17 10:04:10.992892,697.0,1,697.0,3,698.0,19,2,2357,2025-06-17
2025-06-17 10:04:14.946189,697.0,1,697.0,3,698.0,19,2,2357,2025-06-17
2025-06-17 10:04:28.573327,697.0,1,697.0,3,698.0,19,2,2357,2025-06-17
2025-06-17 10:04:38.824851,697.0,1,697.0,2,698.0,21,2,2357,2025-06-17
2025-06-17 10:04:41.372565,698.0,3,697.0,2,698.0,18,1,2357,2025-06-17
2025-06-17 10:04:49.016780,698.0,1,697.0,8,698.0,17,1,2357,2025-06-17
2025-06-17 10:04:49.247771,698.0,1,697.0,10,698.0,16,1,2357,2025-06-17
2025-06-17 10:05:00.175677,698.0,1,697.0,20,698.0,15,1,2357,2025-06-17
2025-06-17 10:05:05.758887,698.0,1,697.0,22,698.0,14,1,2357,2025-06-17
2025-06-17 10:05:09.329313,698.0,1,697.0,22,698.0,11,1,2357,2025-06-17
2025-06-17 10:05:13.010508,697.0,6,697.0,16,698.0,11,2,2357,2025-06-17
2025-06-17 10:05:28.544011,697.0,1,697.0,9,698.0,12,2,2357,2025-06-17
2025-06-17 10:05:39.240936,698.0,1,697.0,11,698.0,12,1,2357,2025-06-17
2025-06-17 10:05:42.014381,697.0,1,697.0,10,698.0,12,2,2357,2025-06-17
2025-06-17 10:05:42.364422,697.0,5,697.0,5,698.0,12,2,2357,2025-06-17
2025-06-17 10:05:44.847647,697.0,5,696.0,21,697.0,5,2,2357,2025-06-17
2025-06-17 10:05:55.235179,697.0,2,696.0,9,697.0,9,1,2357,2025-06-17
2025-06-17 10:06:29.247882,697.0,1,696.0,10,697.0,11,1,2357,2025-06-17
2025-06-17 10:06:30.964648,696.0,1,696.0,9,697.0,11,2,2357,2025-06-17
2025-06-17 10:06:36.628653,696.0,1,696.0,8,697.0,12,2,2357,2025-06-17
2025-06-17 10:06:41.702803,696.0,1,696.0,8,697.0,12,2,2357,2025-06-17
2025-06-17 10:06:41.939354,697.0,1,696.0,8,697.0,11,1,2357,2025-06-17
2025-06-17 10:06:42.612080,696.0,2,696.0,6,697.0,12,2,2357,2025-06-17
2025-06-17 10:06:52.508750,696.0,1,696.0,6,697.0,12,2,2357,2025-06-17
2025-06-17 10:06:53.759244,697.0,1,696.0,6,697.0,11,1,2357,2025-06-17
2025-06-17 10:07:19.254779,697.0,1,696.0,7,697.0,10,1,2357,2025-06-17
2025-06-17 10:07:35.905883,697.0,11,696.0,19,697.0,11,1,2357,2025-06-17
2025-06-17 10:07:47.411271,697.0,1,697.0,16,698.0,11,2,2357,2025-06-17
2025-06-17 10:08:08.262956,698.0,1,697.0,11,698.0,13,1,2357,2025-06-17
2025-06-17 10:08:29.219923,698.0,2,697.0,5,698.0,12,1,2357,2025-06-17
2025-06-17 10:08:58.254927,698.0,1,697.0,8,698.0,17,1,2357,2025-06-17
2025-06-17 10:08:58.364223,697.0,1,697.0,7,698.0,17,2,2357,2025-06-17
2025-06-17 10:08:59.530106,697.0,1,697.0,6,698.0,17,2,2357,2025-06-17
2025-06-17 10:08:59.684243,697.0,6,696.0,14,698.0,22,2,2357,2025-06-17
2025-06-17 10:09:30.642241,697.0,1,696.0,14,697.0,2,1,2357,2025-06-17
2025-06-17 10:09:42.414524,697.0,1,696.0,14,697.0,2,1,2357,2025-06-17
2025-06-17 10:09:48.259129,697.0,1,696.0,14,697.0,1,1,2357,2025-06-17
2025-06-17 10:09:49.946039,697.0,1,696.0,14,698.0,30,1,2357,2025-06-17
2025-06-17 10:10:18.670198,697.0,1,696.0,18,698.0,33,1,2357,2025-06-17
2025-06-17 10:10:38.253334,698.0,1,697.0,7,698.0,25,1,2357,2025-06-17
2025-06-17 10:11:02.111417,698.0,3,697.0,8,698.0,22,1,2357,2025-06-17
2025-06-17 10:11:17.827679,697.0,1,697.0,7,698.0,22,2,2357,2025-06-17
2025-06-17 10:11:27.262432,698.0,1,697.0,14,698.0,23,1,2357,2025-06-17
2025-06-17 10:11:43.433951,697.0,10,697.0,7,698.0,23,2,2357,2025-06-17
2025-06-17 10:11:44.725024,697.0,1,697.0,6,698.0,24,2,2357,2025-06-17
2025-06-17 10:12:04.547746,697.0,6,696.0,14,698.0,28,2,2357,2025-06-17
2025-06-17 10:12:17.267938,697.0,1,696.0,15,697.0,4,1,2357,2025-06-17
2025-06-17 10:13:07.263004,697.0,1,696.0,25,697.0,7,1,2357,2025-06-17
2025-06-17 10:13:07.307024,697.0,7,696.0,25,698.0,30,1,2357,2025-06-17
2025-06-17 10:13:15.859756,697.0,1,697.0,3,698.0,30,2,2357,2025-06-17
2025-06-17 10:13:18.781670,697.0,2,696.0,33,697.0,3,2,2357,2025-06-17
2025-06-17 10:13:23.428441,697.0,1,696.0,27,697.0,3,1,2357,2025-06-17
2025-06-17 10:13:33.187278,697.0,2,696.0,25,697.0,4,1,2357,2025-06-17
2025-06-17 10:13:42.421869,696.0,3,696.0,22,697.0,7,2,2357,2025-06-17
2025-06-17 10:13:45.585005,697.0,1,696.0,22,697.0,6,1,2357,2025-06-17
2025-06-17 10:13:57.270602,697.0,1,696.0,22,697.0,5,1,2357,2025-06-17
2025-06-17 10:14:46.262023,697.0,1,696.0,23,697.0,13,1,2357,2025-06-17
2025-06-17 10:14:51.672131,696.0,1,696.0,22,697.0,14,2,2357,2025-06-17
2025-06-17 10:15:03.391132,696.0,1,696.0,23,697.0,17,2,2357,2025-06-17
2025-06-17 10:15:06.553672,697.0,1,696.0,23,697.0,18,1,2357,2025-06-17
2025-06-17 10:15:14.123600,696.0,2,696.0,21,697.0,17,2,2357,2025-06-17
2025-06-17 10:15:36.282786,697.0,1,696.0,22,697.0,18,1,2357,2025-06-17
2025-06-17 10:15:58.971489,697.0,1,696.0,24,697.0,19,1,2357,2025-06-17
2025-06-17 10:16:06.739604,697.0,2,696.0,29,697.0,18,1,2357,2025-06-17
2025-06-17 10:16:26.258559,697.0,1,696.0,34,697.0,18,1,2357,2025-06-17
2025-06-17 10:17:16.247526,697.0,1,696.0,40,697.0,19,1,2357,2025-06-17
2025-06-17 10:18:05.254286,697.0,2,696.0,40,697.0,22,1,2357,2025-06-17
2025-06-17 10:18:18.312495,696.0,1,696.0,43,697.0,22,2,2357,2025-06-17
2025-06-17 10:18:21.544133,697.0,1,696.0,48,697.0,21,1,2357,2025-06-17
2025-06-17 10:18:39.514185,697.0,2,696.0,54,697.0,19,1,2357,2025-06-17
2025-06-17 10:18:55.247497,697.0,1,696.0,50,697.0,21,1,2357,2025-06-17
2025-06-17 10:19:13.950234,697.0,1,696.0,50,697.0,23,1,2357,2025-06-17
2025-06-17 10:19:14.545809,697.0,1,696.0,50,697.0,22,1,2357,2025-06-17
2025-06-17 10:19:27.693130,697.0,1,696.0,52,697.0,21,1,2357,2025-06-17
2025-06-17 10:19:45.240589,697.0,1,696.0,52,697.0,22,1,2357,2025-06-17
2025-06-17 10:20:12.976725,696.0,1,696.0,56,697.0,27,2,2357,2025-06-17
2025-06-17 10:20:23.775202,696.0,1,696.0,52,697.0,27,2,2357,2025-06-17
2025-06-17 10:20:32.169237,696.0,3,696.0,49,697.0,24,2,2357,2025-06-17
2025-06-17 10:20:35.248367,697.0,1,696.0,49,697.0,23,1,2357,2025-06-17
2025-06-17 10:21:11.670648,697.0,2,696.0,48,697.0,24,1,2357,2025-06-17
2025-06-17 10:21:20.122606,696.0,1,696.0,47,697.0,26,2,2357,2025-06-17
2025-06-17 10:21:24.255260,697.0,1,696.0,47,697.0,28,1,2357,2025-06-17
2025-06-17 10:21:37.665484,696.0,1,696.0,47,697.0,28,2,2357,2025-06-17
2025-06-17 10:21:48.411126,696.0,3,696.0,44,697.0,28,2,2357,2025-06-17
2025-06-17 10:22:14.281213,697.0,1,696.0,49,697.0,28,1,2357,2025-06-17
2025-06-17 10:22:14.739113,696.0,5,696.0,44,697.0,28,2,2357,2025-06-17
2025-06-17 10:22:21.949655,697.0,1,696.0,45,697.0,31,1,2357,2025-06-17
2025-06-17 10:22:58.025657,697.0,1,696.0,51,697.0,40,1,2357,2025-06-17
2025-06-17 10:23:04.255005,697.0,1,696.0,52,697.0,40,1,2357,2025-06-17
2025-06-17 10:23:31.833053,696.0,1,696.0,53,697.0,41,2,2357,2025-06-17
2025-06-17 10:23:44.188884,697.0,3,696.0,56,697.0,45,1,2357,2025-06-17
2025-06-17 10:23:54.244727,697.0,1,696.0,56,697.0,47,1,2357,2025-06-17
2025-06-17 10:23:57.179772,697.0,1,696.0,55,697.0,46,1,2357,2025-06-17
2025-06-17 10:24:08.465597,697.0,1,696.0,54,697.0,45,1,2357,2025-06-17
2025-06-17 10:24:43.252909,697.0,1,696.0,53,697.0,49,1,2357,2025-06-17
2025-06-17 10:24:57.109368,696.0,1,696.0,51,697.0,48,2,2357,2025-06-17
2025-06-17 10:25:01.370195,696.0,1,696.0,54,697.0,47,2,2357,2025-06-17
2025-06-17 10:25:33.209391,697.0,2,696.0,68,697.0,45,1,2357,2025-06-17
2025-06-17 10:25:33.261221,697.0,1,696.0,68,697.0,44,1,2357,2025-06-17
2025-06-17 10:25:43.589133,696.0,1,696.0,67,697.0,50,2,2357,2025-06-17
2025-06-17 10:26:17.491945,697.0,2,696.0,67,697.0,49,1,2357,2025-06-17
2025-06-17 10:26:19.944476,697.0,1,696.0,66,697.0,48,1,2357,2025-06-17
2025-06-17 10:26:23.252256,697.0,1,696.0,66,697.0,49,1,2357,2025-06-17
2025-06-17 10:26:38.272533,696.0,1,696.0,60,697.0,49,2,2357,2025-06-17
2025-06-17 10:26:43.057561,697.0,2,696.0,60,697.0,47,1,2357,2025-06-17
2025-06-17 10:27:13.259749,697.0,1,696.0,61,697.0,48,1,2357,2025-06-17
2025-06-17 10:27:29.481904,696.0,2,696.0,59,697.0,49,2,2357,2025-06-17
2025-06-17 10:27:59.848823,696.0,1,696.0,57,697.0,58,2,2357,2025-06-17
2025-06-17 10:28:02.253266,697.0,1,696.0,57,697.0,57,1,2357,2025-06-17
2025-06-17 10:28:03.404788,696.0,1,696.0,56,697.0,57,2,2357,2025-06-17
2025-06-17 10:28:05.788944,696.0,1,696.0,55,697.0,56,2,2357,2025-06-17
2025-06-17 10:28:07.223591,696.0,1,696.0,54,697.0,56,2,2357,2025-06-17
2025-06-17 10:28:17.257773,696.0,1,696.0,53,697.0,56,2,2357,2025-06-17
2025-06-17 10:28:17.434795,696.0,2,696.0,51,697.0,56,2,2357,2025-06-17
2025-06-17 10:28:22.923454,697.0,1,696.0,51,697.0,55,1,2357,2025-06-17
2025-06-17 10:28:24.659210,696.0,1,696.0,50,697.0,55,2,2357,2025-06-17
2025-06-17 10:28:28.603217,696.0,1,696.0,49,697.0,56,2,2357,2025-06-17
2025-06-17 10:28:28.631949,696.0,49,695.0,92,697.0,56,2,2357,2025-06-17
2025-06-17 10:28:50.565702,696.0,2,695.0,79,696.0,22,1,2357,2025-06-17
2025-06-17 10:28:52.260950,696.0,1,695.0,79,696.0,17,1,2357,2025-06-17
2025-06-17 10:28:55.265588,696.0,1,695.0,79,696.0,16,1,2357,2025-06-17
2025-06-17 10:29:05.918914,695.0,1,695.0,78,696.0,16,2,2357,2025-06-17
2025-06-17 10:29:30.569120,695.0,1,695.0,78,696.0,19,2,2357,2025-06-17
2025-06-17 10:29:42.247920,696.0,1,695.0,78,696.0,20,1,2357,2025-06-17
2025-06-17 10:29:54.259612,696.0,1,695.0,80,696.0,18,1,2357,2025-06-17
2025-06-17 10:29:54.847466,696.0,2,695.0,80,696.0,16,1,2357,2025-06-17
2025-06-17 10:30:29.974366,695.0,1,695.0,83,696.0,19,2,2357,2025-06-17
2025-06-17 10:30:31.427998,696.0,1,695.0,84,696.0,18,1,2357,2025-06-17
2025-06-17 10:30:32.258512,696.0,1,695.0,84,696.0,17,1,2357,2025-06-17
2025-06-17 10:30:33.153433,696.0,3,695.0,84,696.0,15,1,2357,2025-06-17
2025-06-17 10:30:33.843928,695.0,1,695.0,83,696.0,15,2,2357,2025-06-17
2025-06-17 10:31:19.813653,695.0,5,695.0,85,696.0,21,2,2357,2025-06-17
2025-06-17 10:31:21.252149,696.0,1,695.0,85,696.0,20,1,2357,2025-06-17
2025-06-17 10:31:22.218004,696.0,2,695.0,85,696.0,18,1,2357,2025-06-17
2025-06-17 10:31:34.783194,696.0,3,695.0,85,696.0,15,1,2357,2025-06-17
2025-06-17 10:31:44.944102,696.0,1,695.0,85,696.0,15,1,2357,2025-06-17
2025-06-17 10:32:04.218098,696.0,1,695.0,101,696.0,15,1,2357,2025-06-17
2025-06-17 10:32:06.090392,696.0,3,695.0,101,696.0,10,1,2357,2025-06-17
2025-06-17 10:32:06.148318,696.0,1,695.0,100,696.0,10,1,2357,2025-06-17
2025-06-17 10:32:07.356538,696.0,1,695.0,99,696.0,8,1,2357,2025-06-17
2025-06-17 10:32:11.256513,696.0,1,695.0,100,696.0,9,1,2357,2025-06-17
2025-06-17 10:33:01.247607,696.0,1,695.0,107,696.0,13,1,2357,2025-06-17
2025-06-17 10:33:02.496290,696.0,3,695.0,107,696.0,10,1,2357,2025-06-17
2025-06-17 10:33:44.035105,696.0,1,695.0,116,696.0,12,1,2357,2025-06-17
2025-06-17 10:33:51.236509,696.0,2,695.0,117,696.0,9,1,2357,2025-06-17
2025-06-17 10:33:55.333793,696.0,3,695.0,117,696.0,6,1,2357,2025-06-17
2025-06-17 10:34:15.548470,696.0,1,695.0,131,696.0,4,1,2357,2025-06-17
2025-06-17 10:34:40.244498,696.0,1,695.0,131,696.0,5,1,2357,2025-06-17
2025-06-17 10:34:52.946424,696.0,1,695.0,136,696.0,4,1,2357,2025-06-17
2025-06-17 10:34:53.008107,696.0,4,695.0,136,697.0,48,1,2357,2025-06-17
2025-06-17 10:34:54.369938,695.0,1,695.0,138,697.0,45,2,2357,2025-06-17
2025-06-17 10:35:11.652717,696.0,1,696.0,31,697.0,46,2,2357,2025-06-17
2025-06-17 10:35:30.239086,697.0,1,696.0,31,697.0,45,1,2357,2025-06-17
2025-06-17 10:35:38.917778,697.0,1,696.0,31,697.0,45,1,2357,2025-06-17
2025-06-17 10:35:45.074585,697.0,1,696.0,31,697.0,44,1,2357,2025-06-17
2025-06-17 10:35:56.799601,697.0,1,696.0,44,697.0,44,1,2357,2025-06-17
2025-06-17 10:36:20.248216,697.0,1,696.0,51,697.0,42,1,2357,2025-06-17
2025-06-17 10:36:28.650459,697.0,2,696.0,51,697.0,40,1,2357,2025-06-17
2025-06-17 10:36:44.261695,697.0,1,696.0,52,697.0,38,1,2357,2025-06-17
2025-06-17 10:36:53.526176,697.0,1,696.0,52,697.0,38,1,2357,2025-06-17
2025-06-17 10:36:57.124909,697.0,2,696.0,57,697.0,36,1,2357,2025-06-17
2025-06-17 10:36:57.147319,697.0,36,696.0,57,698.0,39,1,2357,2025-06-17
2025-06-17 10:37:01.364095,697.0,2,697.0,53,698.0,40,2,2357,2025-06-17
2025-06-17 10:37:10.239175,698.0,1,697.0,52,698.0,38,1,2357,2025-06-17
2025-06-17 10:37:25.328364,698.0,1,697.0,48,698.0,40,1,2357,2025-06-17
2025-06-17 10:37:33.042463,698.0,1,697.0,48,698.0,40,1,2357,2025-06-17
2025-06-17 10:37:59.243198,698.0,1,697.0,59,698.0,44,1,2357,2025-06-17
2025-06-17 10:38:00.946734,698.0,1,697.0,59,698.0,43,1,2357,2025-06-17
2025-06-17 10:38:16.140829,698.0,1,697.0,60,698.0,43,1,2357,2025-06-17
2025-06-17 10:38:18.780038,697.0,1,697.0,60,698.0,42,2,2357,2025-06-17
2025-06-17 10:38:31.140731,698.0,1,697.0,60,698.0,41,1,2357,2025-06-17
2025-06-17 10:38:42.385042,698.0,1,697.0,62,698.0,42,1,2357,2025-06-17
2025-06-17 10:38:49.236217,698.0,1,697.0,65,698.0,41,1,2357,2025-06-17
2025-06-17 10:39:01.404733,698.0,2,697.0,70,698.0,38,1,2357,2025-06-17
2025-06-17 10:39:01.578148,698.0,1,697.0,69,698.0,37,1,2357,2025-06-17
2025-06-17 10:39:34.203792,698.0,1,697.0,70,698.0,42,1,2357,2025-06-17
2025-06-17 10:39:39.248905,698.0,1,697.0,71,698.0,42,1,2357,2025-06-17
2025-06-17 10:39:47.077326,698.0,1,697.0,71,698.0,41,1,2357,2025-06-17
2025-06-17 10:40:08.823707,697.0,2,697.0,76,698.0,41,2,2357,2025-06-17
2025-06-17 10:40:18.001844,697.0,1,697.0,75,698.0,40,2,2357,2025-06-17
2025-06-17 10:40:29.295345,698.0,1,697.0,75,698.0,40,1,2357,2025-06-17
2025-06-17 10:40:37.470581,698.0,2,697.0,76,698.0,39,1,2357,2025-06-17
2025-06-17 10:40:46.971656,697.0,1,697.0,77,698.0,39,2,2357,2025-06-17
2025-06-17 10:41:07.214866,698.0,1,697.0,77,698.0,40,1,2357,2025-06-17
2025-06-17 10:41:08.948227,698.0,1,697.0,77,698.0,39,1,2357,2025-06-17
2025-06-17 10:41:18.246902,698.0,1,697.0,78,698.0,40,1,2357,2025-06-17
2025-06-17 10:41:20.679941,698.0,1,697.0,77,698.0,39,1,2357,2025-06-17
2025-06-17 10:41:27.899338,698.0,2,697.0,77,698.0,37,1,2357,2025-06-17
2025-06-17 10:41:33.923422,698.0,2,697.0,78,698.0,35,1,2357,2025-06-17
2025-06-17 10:41:37.983625,698.0,1,697.0,77,698.0,33,1,2357,2025-06-17
2025-06-17 10:41:37.987660,698.0,1,697.0,77,698.0,32,1,2357,2025-06-17
2025-06-17 10:41:50.180385,698.0,1,697.0,77,698.0,33,1,2357,2025-06-17
2025-06-17 10:42:08.252988,698.0,1,697.0,77,698.0,34,1,2357,2025-06-17
2025-06-17 10:42:43.022891,698.0,1,697.0,80,698.0,37,1,2357,2025-06-17
2025-06-17 10:42:53.818502,698.0,1,697.0,80,698.0,36,1,2357,2025-06-17
2025-06-17 10:42:58.239191,698.0,1,697.0,80,698.0,35,1,2357,2025-06-17
2025-06-17 10:43:35.787312,698.0,1,697.0,76,698.0,40,1,2357,2025-06-17
2025-06-17 10:43:37.110145,698.0,1,697.0,75,698.0,39,1,2357,2025-06-17
2025-06-17 10:43:37.261268,698.0,1,697.0,75,698.0,38,1,2357,2025-06-17
2025-06-17 10:43:40.604300,698.0,2,697.0,75,698.0,36,1,2357,2025-06-17
2025-06-17 10:43:48.253876,698.0,1,697.0,73,698.0,36,1,2357,2025-06-17
2025-06-17 10:43:50.615685,698.0,1,697.0,73,698.0,35,1,2357,2025-06-17
2025-06-17 10:43:58.037702,698.0,1,697.0,73,698.0,35,1,2357,2025-06-17
2025-06-17 10:44:06.537793,698.0,2,697.0,73,698.0,33,1,2357,2025-06-17
2025-06-17 10:44:13.571314,697.0,1,697.0,73,698.0,33,2,2357,2025-06-17
2025-06-17 10:44:16.947540,698.0,1,697.0,73,698.0,32,1,2357,2025-06-17
2025-06-17 10:44:22.190366,698.0,3,697.0,74,698.0,29,1,2357,2025-06-17
2025-06-17 10:44:30.153013,698.0,1,697.0,89,698.0,29,1,2357,2025-06-17
2025-06-17 10:44:37.256717,698.0,1,697.0,89,698.0,29,1,2357,2025-06-17
2025-06-17 10:44:45.625125,697.0,1,697.0,93,698.0,33,2,2357,2025-06-17
2025-06-17 10:44:55.107478,698.0,1,697.0,101,698.0,34,1,2357,2025-06-17
2025-06-17 10:44:56.015104,698.0,5,697.0,96,698.0,29,1,2357,2025-06-17
2025-06-17 10:45:11.646477,698.0,1,697.0,119,698.0,29,1,2357,2025-06-17
2025-06-17 10:45:12.052075,698.0,1,697.0,119,698.0,28,1,2357,2025-06-17
2025-06-17 10:45:16.363200,698.0,1,697.0,119,698.0,27,1,2357,2025-06-17
2025-06-17 10:45:21.139487,698.0,1,697.0,121,698.0,27,1,2357,2025-06-17
2025-06-17 10:45:24.197556,698.0,1,697.0,121,698.0,25,1,2357,2025-06-17
2025-06-17 10:45:25.373428,698.0,11,697.0,124,698.0,14,1,2357,2025-06-17
2025-06-17 10:45:25.374067,698.0,14,697.0,124,699.0,81,1,2357,2025-06-17
2025-06-17 10:45:25.423073,699.0,2,698.0,20,699.0,79,1,2357,2025-06-17
2025-06-17 10:45:25.455932,699.0,3,698.0,20,699.0,74,1,2357,2025-06-17
2025-06-17 10:45:25.468194,699.0,1,698.0,20,699.0,73,1,2357,2025-06-17
2025-06-17 10:45:25.530109,699.0,1,698.0,23,699.0,72,1,2357,2025-06-17
2025-06-17 10:45:25.652360,698.0,2,698.0,30,699.0,72,2,2357,2025-06-17
2025-06-17 10:45:27.266453,699.0,1,698.0,78,699.0,78,1,2357,2025-06-17
2025-06-17 10:45:35.044377,699.0,1,698.0,74,699.0,78,1,2357,2025-06-17
2025-06-17 10:45:35.074683,699.0,1,698.0,74,699.0,77,1,2357,2025-06-17
2025-06-17 10:45:38.369779,699.0,1,698.0,74,699.0,76,1,2357,2025-06-17
2025-06-17 10:45:42.104024,699.0,1,698.0,75,699.0,75,1,2357,2025-06-17
2025-06-17 10:45:51.248580,699.0,1,698.0,76,699.0,76,1,2357,2025-06-17
2025-06-17 10:46:17.041087,699.0,1,698.0,75,699.0,73,1,2357,2025-06-17
2025-06-17 10:46:17.264235,699.0,1,698.0,75,699.0,72,1,2357,2025-06-17
2025-06-17 10:46:39.132514,699.0,3,698.0,75,699.0,72,1,2357,2025-06-17
2025-06-17 10:46:46.552684,699.0,6,698.0,77,699.0,66,1,2357,2025-06-17
2025-06-17 10:46:46.588471,699.0,2,698.0,85,699.0,64,1,2357,2025-06-17
2025-06-17 10:47:07.248442,699.0,1,698.0,86,699.0,63,1,2357,2025-06-17
2025-06-17 10:47:07.888950,699.0,4,698.0,86,699.0,64,1,2357,2025-06-17
2025-06-17 10:47:07.979082,699.0,1,698.0,90,699.0,59,1,2357,2025-06-17
2025-06-17 10:47:11.083710,699.0,1,698.0,97,699.0,59,1,2357,2025-06-17
2025-06-17 10:47:15.030374,699.0,1,698.0,97,699.0,59,1,2357,2025-06-17
2025-06-17 10:47:18.176442,698.0,1,698.0,96,699.0,59,2,2357,2025-06-17
2025-06-17 10:47:24.948055,699.0,1,698.0,97,699.0,59,1,2357,2025-06-17
2025-06-17 10:47:24.989748,699.0,1,698.0,97,699.0,58,1,2357,2025-06-17
2025-06-17 10:47:26.348272,698.0,1,698.0,100,699.0,58,2,2357,2025-06-17
2025-06-17 10:47:30.146146,699.0,2,698.0,100,699.0,57,1,2357,2025-06-17
2025-06-17 10:47:30.239133,699.0,1,698.0,100,699.0,54,1,2357,2025-06-17
2025-06-17 10:47:30.490672,698.0,5,698.0,95,699.0,54,2,2357,2025-06-17
2025-06-17 10:47:30.727525,698.0,2,698.0,93,699.0,54,2,2357,2025-06-17
2025-06-17 10:47:56.255356,699.0,1,698.0,88,699.0,56,1,2357,2025-06-17
2025-06-17 10:48:03.797961,699.0,1,698.0,88,699.0,55,1,2357,2025-06-17
2025-06-17 10:48:04.126287,699.0,1,698.0,88,699.0,54,1,2357,2025-06-17
2025-06-17 10:48:05.164379,699.0,1,698.0,88,699.0,53,1,2357,2025-06-17
2025-06-17 10:48:06.878588,699.0,1,698.0,90,699.0,52,1,2357,2025-06-17
2025-06-17 10:48:27.517634,699.0,1,698.0,91,699.0,65,1,2357,2025-06-17
2025-06-17 10:48:28.605848,698.0,1,698.0,90,699.0,64,2,2357,2025-06-17
2025-06-17 10:48:42.157928,698.0,1,698.0,89,699.0,67,2,2357,2025-06-17
2025-06-17 10:48:46.247965,699.0,1,698.0,90,699.0,66,1,2357,2025-06-17
2025-06-17 10:48:57.293786,699.0,1,698.0,90,699.0,68,1,2357,2025-06-17
2025-06-17 10:49:05.571324,699.0,3,698.0,90,699.0,65,1,2357,2025-06-17
2025-06-17 10:49:11.006576,699.0,2,698.0,88,699.0,64,1,2357,2025-06-17
2025-06-17 10:49:11.083930,698.0,4,698.0,84,699.0,64,2,2357,2025-06-17
2025-06-17 10:49:26.045500,699.0,3,698.0,84,699.0,68,1,2357,2025-06-17
2025-06-17 10:49:36.254002,699.0,2,698.0,84,699.0,63,1,2357,2025-06-17
2025-06-17 10:49:37.050267,699.0,1,698.0,84,699.0,62,1,2357,2025-06-17
2025-06-17 10:49:39.103889,698.0,1,698.0,83,699.0,62,2,2357,2025-06-17
2025-06-17 10:49:51.013237,699.0,1,698.0,83,699.0,61,1,2357,2025-06-17
2025-06-17 10:50:01.753023,699.0,2,698.0,87,699.0,60,1,2357,2025-06-17
2025-06-17 10:50:01.783774,699.0,1,698.0,87,699.0,59,1,2357,2025-06-17
2025-06-17 10:50:06.128228,698.0,1,698.0,85,699.0,58,2,2357,2025-06-17
2025-06-17 10:50:07.516821,699.0,1,698.0,85,699.0,58,1,2357,2025-06-17
2025-06-17 10:50:26.243096,699.0,1,698.0,85,699.0,58,1,2357,2025-06-17
2025-06-17 10:50:30.266530,699.0,1,698.0,85,699.0,57,1,2357,2025-06-17
2025-06-17 10:50:32.950748,699.0,1,698.0,86,699.0,57,1,2357,2025-06-17
2025-06-17 10:50:33.051323,699.0,1,698.0,86,699.0,56,1,2357,2025-06-17
2025-06-17 10:50:37.067247,698.0,1,698.0,93,699.0,56,2,2357,2025-06-17
2025-06-17 10:50:42.113956,698.0,1,698.0,92,699.0,58,2,2357,2025-06-17
2025-06-17 10:50:42.870097,698.0,1,698.0,91,699.0,59,2,2357,2025-06-17
2025-06-17 10:50:44.056315,699.0,1,698.0,91,699.0,58,1,2357,2025-06-17
2025-06-17 10:50:58.780506,699.0,2,698.0,91,699.0,59,1,2357,2025-06-17
2025-06-17 10:50:58.824586,699.0,1,698.0,91,699.0,56,1,2357,2025-06-17
2025-06-17 10:51:15.236517,699.0,1,698.0,93,699.0,55,1,2357,2025-06-17
2025-06-17 10:51:29.256850,698.0,2,698.0,91,699.0,55,2,2357,2025-06-17
2025-06-17 10:51:32.216439,698.0,1,698.0,91,699.0,56,2,2357,2025-06-17
2025-06-17 10:51:33.205143,698.0,1,698.0,90,699.0,55,2,2357,2025-06-17
2025-06-17 10:51:33.239604,699.0,1,698.0,90,699.0,54,1,2357,2025-06-17
2025-06-17 10:51:35.300818,698.0,1,698.0,89,699.0,56,2,2357,2025-06-17
2025-06-17 10:51:37.586172,698.0,1,698.0,88,699.0,56,2,2357,2025-06-17
2025-06-17 10:51:38.099592,699.0,1,698.0,88,699.0,55,1,2357,2025-06-17
2025-06-17 10:51:44.096083,699.0,2,698.0,88,699.0,53,1,2357,2025-06-17
2025-06-17 10:51:45.050715,699.0,1,698.0,88,699.0,52,1,2357,2025-06-17
2025-06-17 10:51:59.517209,699.0,1,698.0,88,699.0,52,1,2357,2025-06-17
2025-06-17 10:52:02.775699,699.0,2,698.0,88,699.0,50,1,2357,2025-06-17
2025-06-17 10:52:05.244082,699.0,1,698.0,97,699.0,50,1,2357,2025-06-17
2025-06-17 10:52:05.275987,699.0,1,698.0,97,699.0,49,1,2357,2025-06-17
2025-06-17 10:52:15.518163,699.0,1,698.0,97,699.0,49,1,2357,2025-06-17
2025-06-17 10:52:19.331840,698.0,1,698.0,96,699.0,50,2,2357,2025-06-17
2025-06-17 10:52:31.142541,699.0,1,698.0,97,699.0,50,1,2357,2025-06-17
2025-06-17 10:52:55.232734,699.0,1,698.0,97,699.0,55,1,2357,2025-06-17
2025-06-17 10:52:57.218076,698.0,1,698.0,96,699.0,54,2,2357,2025-06-17
2025-06-17 10:52:57.258517,699.0,1,698.0,96,699.0,53,1,2357,2025-06-17
2025-06-17 10:53:10.634607,699.0,1,698.0,99,699.0,55,1,2357,2025-06-17
2025-06-17 10:53:25.185710,699.0,1,698.0,100,699.0,57,1,2357,2025-06-17
2025-06-17 10:53:40.952245,699.0,1,698.0,100,699.0,59,1,2357,2025-06-17
2025-06-17 10:53:45.224504,699.0,1,698.0,100,699.0,58,1,2357,2025-06-17
2025-06-17 10:53:46.050346,699.0,1,698.0,100,699.0,57,1,2357,2025-06-17
2025-06-17 10:53:49.244576,698.0,1,698.0,99,699.0,87,2,2357,2025-06-17
2025-06-17 10:53:52.233079,698.0,1,698.0,99,699.0,90,2,2357,2025-06-17
2025-06-17 10:53:58.142898,698.0,23,698.0,76,699.0,91,2,2357,2025-06-17
2025-06-17 10:53:58.168424,699.0,5,698.0,76,699.0,91,1,2357,2025-06-17
2025-06-17 10:54:18.029955,699.0,1,698.0,81,699.0,90,1,2357,2025-06-17
2025-06-17 10:54:18.311033,699.0,2,698.0,81,699.0,88,1,2357,2025-06-17
2025-06-17 10:54:19.556322,699.0,3,698.0,81,699.0,85,1,2357,2025-06-17
2025-06-17 10:54:24.139677,698.0,1,698.0,80,699.0,84,2,2357,2025-06-17
2025-06-17 10:54:34.239453,699.0,1,698.0,80,699.0,83,1,2357,2025-06-17
2025-06-17 10:54:44.295966,699.0,1,698.0,80,699.0,82,1,2357,2025-06-17
2025-06-17 10:54:52.002496,699.0,1,698.0,80,699.0,82,1,2357,2025-06-17
2025-06-17 10:55:09.001207,699.0,1,698.0,82,699.0,82,1,2357,2025-06-17
2025-06-17 10:55:11.073901,699.0,1,698.0,86,699.0,81,1,2357,2025-06-17
2025-06-17 10:55:24.245760,699.0,1,698.0,87,699.0,80,1,2357,2025-06-17
2025-06-17 10:55:31.634065,698.0,1,698.0,86,699.0,82,2,2357,2025-06-17
2025-06-17 10:55:51.156786,698.0,1,698.0,88,699.0,81,2,2357,2025-06-17
2025-06-17 10:55:56.588175,698.0,1,698.0,87,699.0,82,2,2357,2025-06-17
2025-06-17 10:56:05.116549,699.0,1,698.0,88,699.0,81,1,2357,2025-06-17
2025-06-17 10:56:10.530560,698.0,1,698.0,87,699.0,80,2,2357,2025-06-17
2025-06-17 10:56:14.234810,699.0,1,698.0,87,699.0,79,1,2357,2025-06-17
2025-06-17 10:56:30.707432,698.0,4,698.0,83,699.0,79,2,2357,2025-06-17
2025-06-17 10:56:32.682081,698.0,1,698.0,82,699.0,79,2,2357,2025-06-17
2025-06-17 10:56:48.947411,699.0,1,698.0,88,699.0,81,1,2357,2025-06-17
2025-06-17 10:56:50.778984,699.0,3,698.0,88,699.0,78,1,2357,2025-06-17
2025-06-17 10:56:54.625640,699.0,1,698.0,87,699.0,77,1,2357,2025-06-17
2025-06-17 10:56:58.159175,699.0,1,698.0,87,699.0,76,1,2357,2025-06-17
2025-06-17 10:57:04.226140,699.0,1,698.0,87,699.0,75,1,2357,2025-06-17
2025-06-17 10:57:12.185557,698.0,1,698.0,86,699.0,73,2,2357,2025-06-17
2025-06-17 10:57:23.148721,699.0,1,698.0,80,699.0,77,1,2357,2025-06-17
2025-06-17 10:57:23.265911,699.0,1,698.0,80,699.0,76,1,2357,2025-06-17
2025-06-17 10:57:27.962216,699.0,1,698.0,80,699.0,75,1,2357,2025-06-17
2025-06-17 10:57:52.203111,699.0,1,698.0,86,699.0,81,1,2357,2025-06-17
2025-06-17 10:57:53.231796,699.0,1,698.0,86,699.0,80,1,2357,2025-06-17
2025-06-17 10:58:16.583473,699.0,1,698.0,87,699.0,82,1,2357,2025-06-17
2025-06-17 10:58:39.190764,698.0,1,698.0,86,699.0,81,2,2357,2025-06-17
2025-06-17 10:58:43.223996,699.0,1,698.0,87,699.0,79,1,2357,2025-06-17
2025-06-17 10:58:43.744510,698.0,10,698.0,77,699.0,79,2,2357,2025-06-17
2025-06-17 10:58:45.046630,699.0,1,698.0,78,699.0,80,1,2357,2025-06-17
2025-06-17 10:58:57.420070,698.0,1,698.0,78,699.0,83,2,2357,2025-06-17
2025-06-17 10:59:22.143453,699.0,2,698.0,80,699.0,82,1,2357,2025-06-17
2025-06-17 10:59:32.681772,698.0,1,698.0,80,699.0,82,2,2357,2025-06-17
2025-06-17 10:59:33.215845,699.0,1,698.0,80,699.0,82,1,2357,2025-06-17
2025-06-17 10:59:37.494143,699.0,15,698.0,80,699.0,67,1,2357,2025-06-17
2025-06-17 10:59:39.089807,699.0,1,698.0,80,699.0,66,1,2357,2025-06-17
2025-06-17 10:59:39.137916,699.0,1,698.0,80,699.0,65,1,2357,2025-06-17
2025-06-17 10:59:39.184743,699.0,1,698.0,79,699.0,64,1,2357,2025-06-17
2025-06-17 10:59:56.941136,699.0,1,698.0,80,699.0,65,1,2357,2025-06-17
2025-06-17 11:00:03.157143,698.0,1,698.0,81,699.0,64,2,2357,2025-06-17
2025-06-17 11:00:08.591509,698.0,1,698.0,80,699.0,64,2,2357,2025-06-17
2025-06-17 11:00:08.635167,699.0,1,698.0,79,699.0,63,1,2357,2025-06-17
2025-06-17 11:00:23.225332,699.0,1,698.0,80,699.0,64,1,2357,2025-06-17
2025-06-17 11:00:32.133054,699.0,1,698.0,83,699.0,65,1,2357,2025-06-17
2025-06-17 11:00:52.137474,698.0,1,698.0,83,699.0,74,2,2357,2025-06-17
2025-06-17 11:01:10.333344,698.0,2,698.0,81,699.0,75,2,2357,2025-06-17
2025-06-17 11:01:12.214526,699.0,1,698.0,81,699.0,75,1,2357,2025-06-17
2025-06-17 11:01:13.057430,699.0,1,698.0,80,699.0,74,1,2357,2025-06-17
2025-06-17 11:01:15.214382,698.0,2,698.0,78,699.0,75,2,2357,2025-06-17
2025-06-17 11:01:25.175117,699.0,1,698.0,78,699.0,78,1,2357,2025-06-17
2025-06-17 11:01:27.139402,698.0,1,698.0,77,699.0,77,2,2357,2025-06-17
2025-06-17 11:01:40.342168,698.0,1,698.0,76,699.0,77,2,2357,2025-06-17
2025-06-17 11:01:56.200360,699.0,2,698.0,76,699.0,81,1,2357,2025-06-17
2025-06-17 11:02:02.205951,699.0,1,698.0,84,699.0,76,1,2357,2025-06-17
2025-06-17 11:02:02.261211,698.0,1,698.0,83,699.0,76,2,2357,2025-06-17
2025-06-17 11:02:12.383498,698.0,1,698.0,81,699.0,70,2,2357,2025-06-17
2025-06-17 11:02:12.418094,699.0,1,698.0,82,699.0,70,1,2357,2025-06-17
2025-06-17 11:02:12.472085,699.0,1,698.0,80,699.0,69,1,2357,2025-06-17
2025-06-17 11:02:17.628789,698.0,1,698.0,79,699.0,69,2,2357,2025-06-17
2025-06-17 11:02:18.311703,698.0,1,698.0,78,699.0,71,2,2357,2025-06-17
2025-06-17 11:02:19.019639,699.0,1,698.0,78,699.0,69,1,2357,2025-06-17
2025-06-17 11:02:39.179160,698.0,1,698.0,78,699.0,78,2,2357,2025-06-17
2025-06-17 11:02:39.200751,698.0,66,698.0,12,699.0,78,2,2357,2025-06-17
2025-06-17 11:02:39.218953,698.0,2,698.0,10,699.0,81,2,2357,2025-06-17
2025-06-17 11:02:39.219005,698.0,8,698.0,2,699.0,80,2,2357,2025-06-17
2025-06-17 11:02:39.219015,698.0,2,697.0,40,699.0,80,2,2357,2025-06-17
2025-06-17 11:02:39.259002,698.0,2,697.0,40,698.0,3,1,2357,2025-06-17
2025-06-17 11:02:39.266087,697.0,1,697.0,39,698.0,3,2,2357,2025-06-17
2025-06-17 11:02:39.277976,697.0,3,697.0,36,698.0,4,2,2357,2025-06-17
2025-06-17 11:02:40.972605,697.0,4,697.0,27,698.0,20,2,2357,2025-06-17
2025-06-17 11:02:40.984920,697.0,26,696.0,19,698.0,20,2,2357,2025-06-17
2025-06-17 11:02:41.127373,697.0,3,696.0,14,698.0,40,2,2357,2025-06-17
2025-06-17 11:02:52.217143,698.0,1,696.0,14,698.0,46,1,2357,2025-06-17
2025-06-17 11:03:00.631614,696.0,1,696.0,14,697.0,4,2,2357,2025-06-17
2025-06-17 11:03:03.936502,697.0,1,696.0,15,697.0,4,1,2357,2025-06-17
2025-06-17 11:03:12.061164,697.0,1,696.0,16,697.0,14,1,2357,2025-06-17
2025-06-17 11:03:42.207354,697.0,1,696.0,17,697.0,20,1,2357,2025-06-17
2025-06-17 11:04:06.104603,697.0,1,696.0,18,697.0,24,1,2357,2025-06-17
2025-06-17 11:04:08.495944,696.0,1,696.0,17,697.0,24,2,2357,2025-06-17
2025-06-17 11:04:16.270121,697.0,1,696.0,17,697.0,23,1,2357,2025-06-17
2025-06-17 11:04:18.123768,696.0,1,696.0,16,697.0,22,2,2357,2025-06-17
2025-06-17 11:04:29.270733,697.0,2,696.0,16,697.0,21,1,2357,2025-06-17
2025-06-17 11:04:31.464324,697.0,1,696.0,16,697.0,21,1,2357,2025-06-17
2025-06-17 11:04:36.942657,696.0,1,696.0,15,697.0,21,2,2357,2025-06-17
2025-06-17 11:04:37.317156,696.0,3,696.0,12,697.0,21,2,2357,2025-06-17
2025-06-17 11:04:41.421738,697.0,3,696.0,12,697.0,20,1,2357,2025-06-17
2025-06-17 11:04:59.148609,697.0,1,696.0,16,697.0,21,1,2357,2025-06-17
2025-06-17 11:05:16.602222,696.0,1,696.0,17,697.0,28,2,2357,2025-06-17
2025-06-17 11:05:21.203701,697.0,2,696.0,18,697.0,26,1,2357,2025-06-17
2025-06-17 11:05:22.583346,696.0,1,696.0,17,697.0,26,2,2357,2025-06-17
2025-06-17 11:05:32.620247,696.0,1,696.0,16,697.0,26,2,2357,2025-06-17
2025-06-17 11:05:42.184534,696.0,1,696.0,15,697.0,25,2,2357,2025-06-17
2025-06-17 11:05:50.300504,696.0,1,696.0,14,697.0,26,2,2357,2025-06-17
2025-06-17 11:05:53.192343,697.0,1,696.0,14,697.0,25,1,2357,2025-06-17
2025-06-17 11:06:03.546223,696.0,1,696.0,12,697.0,25,2,2357,2025-06-17
2025-06-17 11:06:11.197705,697.0,1,696.0,12,697.0,24,1,2357,2025-06-17
2025-06-17 11:06:11.936039,697.0,1,696.0,12,697.0,23,1,2357,2025-06-17
2025-06-17 11:07:01.202211,697.0,1,696.0,15,697.0,23,1,2357,2025-06-17
2025-06-17 11:07:01.730139,697.0,2,696.0,15,697.0,21,1,2357,2025-06-17
2025-06-17 11:07:06.232001,696.0,1,696.0,14,697.0,21,2,2357,2025-06-17
2025-06-17 11:07:23.067614,697.0,1,696.0,15,697.0,22,1,2357,2025-06-17
2025-06-17 11:07:50.210294,697.0,1,696.0,27,697.0,24,1,2357,2025-06-17
2025-06-17 11:07:55.681315,696.0,1,696.0,30,697.0,24,2,2357,2025-06-17
2025-06-17 11:08:03.175814,697.0,1,696.0,30,697.0,23,1,2357,2025-06-17
2025-06-17 11:08:17.109575,697.0,1,696.0,30,697.0,22,1,2357,2025-06-17
2025-06-17 11:08:33.214306,696.0,1,696.0,29,697.0,22,2,2357,2025-06-17
2025-06-17 11:08:40.202890,697.0,1,696.0,25,697.0,21,1,2357,2025-06-17
2025-06-17 11:09:04.626545,696.0,1,696.0,25,697.0,23,2,2357,2025-06-17
2025-06-17 11:09:11.154088,697.0,1,696.0,25,697.0,23,1,2357,2025-06-17
2025-06-17 11:09:30.199342,697.0,1,696.0,26,697.0,22,1,2357,2025-06-17
2025-06-17 11:09:38.284063,696.0,4,696.0,25,697.0,19,2,2357,2025-06-17
2025-06-17 11:09:54.149217,696.0,1,696.0,25,697.0,18,2,2357,2025-06-17
2025-06-17 11:10:05.196535,697.0,1,696.0,31,697.0,18,1,2357,2025-06-17
2025-06-17 11:10:20.184407,697.0,1,696.0,33,697.0,20,1,2357,2025-06-17
2025-06-17 11:10:48.591818,696.0,1,696.0,31,697.0,22,2,2357,2025-06-17
2025-06-17 11:10:59.039909,697.0,1,696.0,27,697.0,24,1,2357,2025-06-17
2025-06-17 11:11:09.191376,697.0,1,696.0,27,697.0,23,1,2357,2025-06-17
2025-06-17 11:11:09.259935,697.0,1,696.0,27,697.0,22,1,2357,2025-06-17
2025-06-17 11:11:18.213317,696.0,1,696.0,26,697.0,21,2,2357,2025-06-17
2025-06-17 11:11:37.970618,696.0,1,696.0,26,697.0,22,2,2357,2025-06-17
2025-06-17 11:11:53.084643,697.0,1,696.0,26,697.0,23,1,2357,2025-06-17
2025-06-17 11:11:59.184054,697.0,1,696.0,26,697.0,23,1,2357,2025-06-17
2025-06-17 11:12:07.199114,697.0,2,696.0,27,697.0,21,1,2357,2025-06-17
2025-06-17 11:12:27.731638,696.0,1,696.0,33,697.0,22,2,2357,2025-06-17
2025-06-17 11:12:47.127066,697.0,1,696.0,41,697.0,21,1,2357,2025-06-17
2025-06-17 11:12:48.146044,696.0,1,696.0,40,697.0,20,2,2357,2025-06-17
2025-06-17 11:12:49.191988,697.0,1,696.0,40,697.0,19,1,2357,2025-06-17
2025-06-17 11:13:39.201435,697.0,1,696.0,38,697.0,24,1,2357,2025-06-17
2025-06-17 11:13:41.172541,697.0,1,696.0,40,697.0,23,1,2357,2025-06-17
2025-06-17 11:14:15.227992,696.0,1,696.0,41,697.0,25,2,2357,2025-06-17
2025-06-17 11:14:28.208242,697.0,1,696.0,41,697.0,27,1,2357,2025-06-17
2025-06-17 11:14:35.015362,697.0,1,696.0,41,697.0,28,1,2357,2025-06-17
2025-06-17 11:14:39.712842,697.0,2,696.0,41,697.0,26,1,2357,2025-06-17
2025-06-17 11:14:48.584976,697.0,1,696.0,40,697.0,25,1,2357,2025-06-17
2025-06-17 11:15:18.220389,697.0,1,696.0,43,697.0,27,1,2357,2025-06-17
2025-06-17 11:15:28.057638,697.0,1,696.0,44,697.0,26,1,2357,2025-06-17
2025-06-17 11:15:39.207042,696.0,1,696.0,47,697.0,26,2,2357,2025-06-17
2025-06-17 11:15:51.615231,696.0,1,696.0,47,697.0,31,2,2357,2025-06-17
2025-06-17 11:15:51.777870,696.0,1,696.0,46,697.0,31,2,2357,2025-06-17
2025-06-17 11:16:08.221248,697.0,1,696.0,46,697.0,34,1,2357,2025-06-17
2025-06-17 11:16:22.102046,697.0,1,696.0,46,697.0,34,1,2357,2025-06-17
2025-06-17 11:16:24.435794,697.0,1,696.0,46,697.0,33,1,2357,2025-06-17
2025-06-17 11:16:36.622238,697.0,1,696.0,47,697.0,33,1,2357,2025-06-17
2025-06-17 11:16:55.412083,696.0,1,696.0,47,697.0,33,2,2357,2025-06-17
2025-06-17 11:16:58.230817,697.0,1,696.0,47,697.0,32,1,2357,2025-06-17
2025-06-17 11:17:03.159961,696.0,1,696.0,51,697.0,32,2,2357,2025-06-17
2025-06-17 11:17:11.566015,697.0,2,696.0,51,697.0,32,1,2357,2025-06-17
2025-06-17 11:17:16.145066,697.0,1,696.0,52,697.0,31,1,2357,2025-06-17
2025-06-17 11:17:24.837161,697.0,1,696.0,54,697.0,30,1,2357,2025-06-17
2025-06-17 11:17:47.218305,697.0,1,696.0,55,697.0,31,1,2357,2025-06-17
2025-06-17 11:18:01.261265,697.0,1,696.0,55,697.0,30,1,2357,2025-06-17
2025-06-17 11:18:10.187996,697.0,1,696.0,55,697.0,29,1,2357,2025-06-17
2025-06-17 11:18:11.032780,696.0,1,696.0,57,697.0,29,2,2357,2025-06-17
2025-06-17 11:18:33.147162,696.0,1,696.0,60,697.0,30,2,2357,2025-06-17
2025-06-17 11:18:37.229242,697.0,1,696.0,60,697.0,29,1,2357,2025-06-17
2025-06-17 11:19:04.031369,697.0,1,696.0,60,697.0,30,1,2357,2025-06-17
2025-06-17 11:19:27.203559,697.0,1,696.0,61,697.0,30,1,2357,2025-06-17
2025-06-17 11:19:27.235579,697.0,1,696.0,61,697.0,29,1,2357,2025-06-17
2025-06-17 11:19:44.784845,697.0,3,696.0,61,697.0,26,1,2357,2025-06-17
2025-06-17 11:19:57.144184,696.0,1,696.0,63,697.0,25,2,2357,2025-06-17
2025-06-17 11:19:58.075049,697.0,1,696.0,63,697.0,24,1,2357,2025-06-17
2025-06-17 11:20:17.228350,697.0,1,696.0,65,697.0,27,1,2357,2025-06-17
2025-06-17 11:20:33.737198,696.0,1,696.0,64,697.0,28,2,2357,2025-06-17
2025-06-17 11:20:37.357856,697.0,1,696.0,63,697.0,27,1,2357,2025-06-17
2025-06-17 11:20:52.119860,697.0,1,696.0,63,697.0,26,1,2357,2025-06-17
2025-06-17 11:21:06.237430,697.0,2,696.0,63,697.0,26,1,2357,2025-06-17
2025-06-17 11:21:21.143089,696.0,1,696.0,61,697.0,23,2,2357,2025-06-17
2025-06-17 11:21:46.161796,697.0,1,696.0,61,697.0,25,1,2357,2025-06-17
2025-06-17 11:21:54.971676,696.0,1,696.0,61,697.0,27,2,2357,2025-06-17
2025-06-17 11:21:56.228517,697.0,1,696.0,61,697.0,31,1,2357,2025-06-17
2025-06-17 11:22:15.225318,696.0,32,696.0,33,697.0,44,2,2357,2025-06-17
2025-06-17 11:22:15.225742,696.0,26,696.0,7,697.0,45,2,2357,2025-06-17
2025-06-17 11:22:15.257050,696.0,1,696.0,6,697.0,45,2,2357,2025-06-17
2025-06-17 11:22:15.257149,696.0,4,696.0,2,697.0,49,2,2357,2025-06-17
2025-06-17 11:22:15.257689,696.0,2,695.0,103,697.0,49,2,2357,2025-06-17
2025-06-17 11:22:15.328758,696.0,1,696.0,2,697.0,53,2,2357,2025-06-17
2025-06-17 11:22:15.328887,696.0,2,695.0,101,697.0,53,2,2357,2025-06-17
2025-06-17 11:22:16.852835,695.0,5,695.0,92,696.0,2,2,2357,2025-06-17
2025-06-17 11:22:17.700140,696.0,2,695.0,92,697.0,53,1,2357,2025-06-17
2025-06-17 11:22:17.886868,696.0,1,695.0,92,697.0,50,2,2357,2025-06-17
2025-06-17 11:22:19.636607,695.0,1,695.0,91,697.0,55,2,2357,2025-06-17
2025-06-17 11:22:24.032496,695.0,1,695.0,89,697.0,55,2,2357,2025-06-17
2025-06-17 11:22:37.633874,695.0,1,695.0,90,696.0,8,2,2357,2025-06-17
2025-06-17 11:22:40.005892,696.0,1,695.0,90,696.0,13,1,2357,2025-06-17
2025-06-17 11:22:45.145781,695.0,1,695.0,89,696.0,14,2,2357,2025-06-17
2025-06-17 11:22:46.220629,696.0,1,695.0,89,696.0,13,1,2357,2025-06-17
2025-06-17 11:22:47.900365,695.0,1,695.0,88,696.0,13,2,2357,2025-06-17
2025-06-17 11:23:31.679289,695.0,1,695.0,89,696.0,21,2,2357,2025-06-17
2025-06-17 11:23:33.048662,696.0,1,695.0,89,696.0,20,1,2357,2025-06-17
2025-06-17 11:23:36.228066,696.0,1,695.0,89,696.0,19,1,2357,2025-06-17
2025-06-17 11:24:09.140380,695.0,1,695.0,90,696.0,24,2,2357,2025-06-17
2025-06-17 11:24:25.221461,696.0,1,695.0,90,696.0,31,1,2357,2025-06-17
2025-06-17 11:24:27.091436,696.0,1,695.0,90,696.0,30,1,2357,2025-06-17
2025-06-17 11:24:36.915206,695.0,1,695.0,89,696.0,30,2,2357,2025-06-17
2025-06-17 11:24:51.317228,696.0,2,695.0,90,696.0,34,1,2357,2025-06-17
2025-06-17 11:24:54.259941,696.0,1,695.0,90,696.0,33,1,2357,2025-06-17
2025-06-17 11:25:15.224119,696.0,1,695.0,92,696.0,32,1,2357,2025-06-17
2025-06-17 11:25:21.136020,696.0,1,695.0,92,696.0,31,1,2357,2025-06-17
2025-06-17 11:25:30.140794,695.0,1,695.0,91,696.0,30,2,2357,2025-06-17
2025-06-17 11:25:49.583915,695.0,1,695.0,90,696.0,32,2,2357,2025-06-17
2025-06-17 11:25:53.546080,695.0,1,695.0,89,696.0,34,2,2357,2025-06-17
2025-06-17 11:26:05.218124,696.0,1,695.0,89,696.0,39,1,2357,2025-06-17
2025-06-17 11:26:15.180726,696.0,1,695.0,89,696.0,45,1,2357,2025-06-17
2025-06-17 11:26:55.225665,696.0,1,695.0,90,696.0,34,1,2357,2025-06-17
2025-06-17 11:26:57.138698,695.0,1,695.0,89,696.0,34,2,2357,2025-06-17
2025-06-17 11:27:09.022895,696.0,1,695.0,88,696.0,32,1,2357,2025-06-17
2025-06-17 11:27:23.225174,696.0,2,695.0,88,696.0,30,1,2357,2025-06-17
2025-06-17 11:27:43.311065,696.0,1,695.0,90,696.0,32,1,2357,2025-06-17
2025-06-17 11:27:44.219258,696.0,1,695.0,90,696.0,31,1,2357,2025-06-17
2025-06-17 11:27:51.683691,696.0,3,695.0,90,696.0,28,1,2357,2025-06-17
2025-06-17 11:27:57.270637,695.0,2,695.0,88,696.0,28,2,2357,2025-06-17
2025-06-17 11:27:58.907374,696.0,20,695.0,88,696.0,8,1,2357,2025-06-17
2025-06-17 11:27:58.942286,696.0,1,695.0,87,696.0,7,1,2357,2025-06-17
2025-06-17 11:28:03.068000,696.0,1,695.0,87,696.0,6,1,2357,2025-06-17
2025-06-17 11:28:19.104992,696.0,2,695.0,93,696.0,4,1,2357,2025-06-17
2025-06-17 11:28:23.227694,696.0,4,696.0,6,697.0,36,1,2357,2025-06-17
2025-06-17 11:28:23.381040,697.0,1,696.0,7,697.0,27,1,2357,2025-06-17
2025-06-17 11:28:28.698422,697.0,2,696.0,17,697.0,22,1,2357,2025-06-17
2025-06-17 11:28:34.226125,697.0,1,696.0,21,697.0,18,1,2357,2025-06-17
2025-06-17 11:28:40.455213,697.0,2,696.0,21,697.0,16,1,2357,2025-06-17
2025-06-17 11:28:40.671029,697.0,1,696.0,21,697.0,15,1,2357,2025-06-17
2025-06-17 11:28:40.725179,697.0,1,696.0,21,697.0,14,1,2357,2025-06-17
2025-06-17 11:28:49.060770,697.0,1,696.0,21,697.0,12,1,2357,2025-06-17
2025-06-17 11:28:57.110342,697.0,1,696.0,23,697.0,12,1,2357,2025-06-17
2025-06-17 11:29:00.582740,697.0,2,696.0,23,697.0,10,1,2357,2025-06-17
2025-06-17 11:29:00.593902,697.0,1,696.0,23,697.0,9,1,2357,2025-06-17
2025-06-17 11:29:13.877201,697.0,5,696.0,24,697.0,5,1,2357,2025-06-17
2025-06-17 11:29:13.938836,697.0,2,696.0,28,697.0,3,1,2357,2025-06-17
2025-06-17 11:29:13.969447,697.0,3,696.0,29,698.0,23,1,2357,2025-06-17
2025-06-17 11:29:19.537675,698.0,1,696.0,38,698.0,18,1,2357,2025-06-17
2025-06-17 11:29:24.222884,698.0,1,697.0,18,698.0,16,1,2357,2025-06-17
2025-06-17 11:29:24.602042,697.0,1,697.0,17,698.0,16,2,2357,2025-06-17
2025-06-17 11:29:27.347070,698.0,1,697.0,16,698.0,17,1,2357,2025-06-17
2025-06-17 11:29:27.449790,698.0,1,697.0,16,698.0,17,1,2357,2025-06-17
2025-06-17 11:29:27.553681,698.0,1,697.0,16,698.0,17,1,2357,2025-06-17
2025-06-17 11:29:27.618894,698.0,1,697.0,16,698.0,16,1,2357,2025-06-17
2025-06-17 11:29:34.012749,698.0,1,697.0,21,698.0,15,1,2357,2025-06-17
2025-06-17 11:29:51.153783,698.0,1,697.0,18,698.0,15,1,2357,2025-06-17
2025-06-17 11:29:54.186828,698.0,1,697.0,18,698.0,19,1,2357,2025-06-17
2025-06-17 11:29:54.402930,698.0,1,697.0,18,698.0,18,1,2357,2025-06-17
2025-06-17 11:29:54.413397,698.0,1,697.0,18,698.0,17,1,2357,2025-06-17
2025-06-17 11:29:55.192366,698.0,2,697.0,18,698.0,15,1,2357,2025-06-17
2025-06-17 11:29:59.347429,698.0,5,697.0,18,698.0,11,1,2357,2025-06-17
2025-06-17 11:30:00.689506,698.0,1,697.0,28,698.0,10,1,2357,2025-06-17
2025-06-17 11:30:03.802728,698.0,1,697.0,27,698.0,9,1,2357,2025-06-17
2025-06-17 11:30:14.229809,698.0,1,697.0,19,698.0,30,1,2357,2025-06-17
2025-06-17 11:30:16.391736,698.0,1,697.0,19,698.0,29,1,2357,2025-06-17
2025-06-17 11:30:16.597542,698.0,1,697.0,19,698.0,28,1,2357,2025-06-17
2025-06-17 11:30:16.628069,698.0,1,697.0,19,698.0,27,1,2357,2025-06-17
2025-06-17 11:30:16.712369,698.0,1,697.0,19,698.0,26,1,2357,2025-06-17
2025-06-17 11:30:16.798185,698.0,1,697.0,19,698.0,25,1,2357,2025-06-17
2025-06-17 11:30:22.007010,698.0,10,697.0,23,698.0,17,1,2357,2025-06-17
2025-06-17 11:30:25.724316,698.0,1,697.0,23,698.0,16,1,2357,2025-06-17
2025-06-17 11:30:37.635325,698.0,1,697.0,27,698.0,15,1,2357,2025-06-17
2025-06-17 11:30:37.776034,698.0,1,697.0,27,698.0,14,1,2357,2025-06-17
2025-06-17 11:30:37.867215,698.0,1,697.0,27,698.0,13,1,2357,2025-06-17
2025-06-17 11:30:45.197824,698.0,1,697.0,27,698.0,12,1,2357,2025-06-17
2025-06-17 11:31:03.211800,698.0,1,697.0,19,698.0,21,1,2357,2025-06-17
2025-06-17 11:31:03.866017,698.0,1,697.0,19,698.0,20,1,2357,2025-06-17
2025-06-17 11:31:18.216733,697.0,1,697.0,19,698.0,21,2,2357,2025-06-17
2025-06-17 11:31:19.292214,698.0,6,697.0,19,698.0,15,1,2357,2025-06-17
2025-06-17 11:31:39.040227,698.0,1,697.0,20,698.0,19,1,2357,2025-06-17
2025-06-17 11:31:47.261298,698.0,1,697.0,21,698.0,17,1,2357,2025-06-17
2025-06-17 11:31:53.204000,698.0,1,697.0,22,698.0,18,1,2357,2025-06-17
2025-06-17 11:32:10.970839,697.0,1,697.0,21,698.0,20,2,2357,2025-06-17
2025-06-17 11:32:20.211712,697.0,15,697.0,6,698.0,28,2,2357,2025-06-17
2025-06-17 11:32:20.242232,697.0,1,697.0,5,698.0,28,2,2357,2025-06-17
2025-06-17 11:32:20.242689,697.0,5,696.0,19,698.0,33,2,2357,2025-06-17
2025-06-17 11:32:28.561397,697.0,3,696.0,20,697.0,3,1,2357,2025-06-17
2025-06-17 11:32:32.084023,697.0,1,696.0,20,697.0,3,1,2357,2025-06-17
2025-06-17 11:32:43.214340,697.0,1,696.0,20,697.0,1,1,2357,2025-06-17
2025-06-17 11:32:47.394243,697.0,1,696.0,20,698.0,38,1,2357,2025-06-17
2025-06-17 11:33:21.008678,696.0,20,695.0,86,697.0,5,2,2357,2025-06-17
2025-06-17 11:33:21.309344,696.0,1,695.0,84,697.0,35,1,2357,2025-06-17
2025-06-17 11:33:26.127600,697.0,1,695.0,82,697.0,41,1,2357,2025-06-17
2025-06-17 11:33:33.227833,697.0,1,695.0,82,697.0,41,1,2357,2025-06-17
2025-06-17 11:34:11.051693,695.0,82,694.0,61,696.0,14,2,2357,2025-06-17
2025-06-17 11:34:20.171271,695.0,1,694.0,55,695.0,9,1,2357,2025-06-17
2025-06-17 11:34:22.212411,695.0,1,694.0,55,695.0,10,1,2357,2025-06-17
2025-06-17 11:34:23.938050,695.0,1,694.0,55,695.0,9,1,2357,2025-06-17
2025-06-17 11:34:31.171846,694.0,2,694.0,53,695.0,10,2,2357,2025-06-17
2025-06-17 11:35:01.779168,695.0,2,694.0,56,695.0,11,1,2357,2025-06-17
2025-06-17 11:35:02.722685,694.0,21,694.0,35,695.0,11,2,2357,2025-06-17
2025-06-17 11:35:06.082321,694.0,6,694.0,33,695.0,5,2,2357,2025-06-17
2025-06-17 11:35:12.204492,695.0,1,694.0,36,695.0,7,1,2357,2025-06-17
2025-06-17 11:35:14.014584,695.0,1,694.0,36,695.0,6,1,2357,2025-06-17
2025-06-17 11:35:33.168710,694.0,1,694.0,35,695.0,8,2,2357,2025-06-17
2025-06-17 11:36:02.211001,695.0,1,694.0,36,695.0,10,1,2357,2025-06-17
2025-06-17 11:36:08.085242,695.0,1,694.0,36,695.0,11,1,2357,2025-06-17
2025-06-17 11:36:48.430641,694.0,1,694.0,36,695.0,16,2,2357,2025-06-17
2025-06-17 11:36:52.206070,695.0,2,694.0,36,695.0,16,1,2357,2025-06-17
2025-06-17 11:36:57.169217,694.0,1,694.0,35,695.0,20,2,2357,2025-06-17
2025-06-17 11:37:02.128395,695.0,1,694.0,35,695.0,21,1,2357,2025-06-17
2025-06-17 11:37:30.939744,695.0,1,694.0,41,695.0,22,1,2357,2025-06-17
2025-06-17 11:37:33.234899,695.0,2,694.0,41,695.0,20,1,2357,2025-06-17
2025-06-17 11:37:41.193861,695.0,1,694.0,41,695.0,21,1,2357,2025-06-17
2025-06-17 11:37:56.174121,695.0,1,694.0,41,695.0,19,1,2357,2025-06-17
2025-06-17 11:38:17.993388,695.0,2,694.0,39,695.0,17,1,2357,2025-06-17
2025-06-17 11:38:31.203472,695.0,1,694.0,39,695.0,17,1,2357,2025-06-17
2025-06-17 11:38:40.265395,695.0,1,694.0,39,695.0,16,1,2357,2025-06-17
2025-06-17 11:38:50.017157,695.0,1,694.0,39,695.0,15,1,2357,2025-06-17
2025-06-17 11:39:21.194274,695.0,1,694.0,39,695.0,18,1,2357,2025-06-17
2025-06-17 11:39:44.061013,695.0,1,694.0,40,695.0,18,1,2357,2025-06-17
2025-06-17 11:39:45.172963,694.0,1,694.0,39,695.0,17,2,2357,2025-06-17
2025-06-17 11:40:06.557324,695.0,2,694.0,39,695.0,16,1,2357,2025-06-17
2025-06-17 11:40:11.182225,695.0,1,694.0,39,695.0,17,1,2357,2025-06-17
2025-06-17 11:40:37.103953,695.0,1,694.0,39,695.0,18,1,2357,2025-06-17
2025-06-17 11:41:00.191323,695.0,1,694.0,39,695.0,23,1,2357,2025-06-17
2025-06-17 11:41:09.154893,694.0,1,694.0,43,695.0,22,2,2357,2025-06-17
2025-06-17 11:41:11.739250,695.0,1,694.0,43,695.0,21,1,2357,2025-06-17
2025-06-17 11:41:31.147397,695.0,1,694.0,53,695.0,23,1,2357,2025-06-17
2025-06-17 11:41:50.183571,695.0,1,694.0,55,695.0,25,1,2357,2025-06-17
2025-06-17 11:41:51.097491,695.0,5,694.0,50,695.0,20,1,2357,2025-06-17
2025-06-17 11:42:25.190563,695.0,1,694.0,50,695.0,26,1,2357,2025-06-17
2025-06-17 11:42:27.970990,694.0,1,694.0,49,695.0,26,2,2357,2025-06-17
2025-06-17 11:42:36.184298,694.0,1,694.0,49,695.0,25,2,2357,2025-06-17
2025-06-17 11:42:39.522571,695.0,2,694.0,49,695.0,23,1,2357,2025-06-17
2025-06-17 11:42:40.192832,695.0,1,694.0,50,695.0,22,1,2357,2025-06-17
2025-06-17 11:43:19.034088,695.0,1,694.0,52,695.0,27,1,2357,2025-06-17
2025-06-17 11:43:29.137321,695.0,2,694.0,52,695.0,27,1,2357,2025-06-17
2025-06-17 11:43:30.184867,695.0,1,694.0,52,695.0,26,1,2357,2025-06-17
2025-06-17 11:43:38.103921,695.0,1,694.0,53,695.0,25,1,2357,2025-06-17
2025-06-17 11:43:46.904135,695.0,1,694.0,54,695.0,23,1,2357,2025-06-17
2025-06-17 11:43:46.941956,695.0,1,694.0,54,695.0,22,1,2357,2025-06-17
2025-06-17 11:44:00.213694,694.0,1,694.0,53,695.0,21,2,2357,2025-06-17
2025-06-17 11:44:13.078662,695.0,1,694.0,53,695.0,20,1,2357,2025-06-17
2025-06-17 11:44:19.172513,695.0,1,694.0,53,695.0,20,1,2357,2025-06-17
2025-06-17 11:44:48.970828,694.0,16,694.0,37,695.0,24,2,2357,2025-06-17
2025-06-17 11:45:07.122448,695.0,1,694.0,38,695.0,25,1,2357,2025-06-17
2025-06-17 11:45:07.441382,694.0,1,694.0,37,695.0,25,2,2357,2025-06-17
2025-06-17 11:45:07.555706,694.0,1,694.0,37,695.0,25,2,2357,2025-06-17
2025-06-17 11:45:09.186083,695.0,1,694.0,37,695.0,26,1,2357,2025-06-17
2025-06-17 11:45:11.555822,695.0,3,694.0,37,695.0,23,1,2357,2025-06-17
2025-06-17 11:45:27.131658,694.0,1,694.0,36,695.0,28,2,2357,2025-06-17
2025-06-17 11:45:33.265141,695.0,1,694.0,36,695.0,32,1,2357,2025-06-17
2025-06-17 11:45:37.777237,695.0,2,694.0,36,695.0,30,1,2357,2025-06-17
2025-06-17 11:45:50.171682,695.0,1,694.0,36,695.0,25,1,2357,2025-06-17
2025-06-17 11:45:59.193528,695.0,1,694.0,36,695.0,25,1,2357,2025-06-17
2025-06-17 11:46:01.165292,695.0,1,694.0,36,695.0,23,1,2357,2025-06-17
2025-06-17 11:46:49.182506,695.0,1,694.0,38,695.0,28,1,2357,2025-06-17
2025-06-17 11:46:53.617176,695.0,1,694.0,37,695.0,27,1,2357,2025-06-17
2025-06-17 11:46:55.008841,695.0,1,694.0,37,695.0,26,1,2357,2025-06-17
2025-06-17 11:46:57.120668,694.0,1,694.0,36,695.0,25,2,2357,2025-06-17
2025-06-17 11:47:03.515603,695.0,1,694.0,39,695.0,24,1,2357,2025-06-17
2025-06-17 11:47:05.648922,694.0,3,694.0,36,695.0,25,2,2357,2025-06-17
2025-06-17 11:47:38.186357,695.0,1,694.0,36,695.0,26,1,2357,2025-06-17
2025-06-17 11:47:44.296323,695.0,2,694.0,37,695.0,24,1,2357,2025-06-17
2025-06-17 11:47:49.052209,695.0,1,694.0,38,695.0,23,1,2357,2025-06-17
2025-06-17 11:48:21.228352,694.0,1,694.0,40,695.0,26,2,2357,2025-06-17
2025-06-17 11:48:28.194234,695.0,1,694.0,40,695.0,25,1,2357,2025-06-17
2025-06-17 11:48:31.352307,695.0,25,695.0,25,696.0,30,1,2357,2025-06-17
2025-06-17 11:48:42.180036,696.0,1,695.0,65,696.0,12,1,2357,2025-06-17
2025-06-17 11:48:43.095681,696.0,1,695.0,68,696.0,13,1,2357,2025-06-17
2025-06-17 11:49:05.889357,696.0,1,695.0,68,696.0,11,1,2357,2025-06-17
2025-06-17 11:49:15.178158,696.0,1,695.0,70,696.0,11,1,2357,2025-06-17
2025-06-17 11:49:18.194441,696.0,1,695.0,70,696.0,10,1,2357,2025-06-17
2025-06-17 11:49:36.139338,696.0,1,695.0,80,696.0,10,1,2357,2025-06-17
2025-06-17 11:49:45.176361,695.0,1,695.0,79,696.0,9,2,2357,2025-06-17
2025-06-17 11:49:49.818113,696.0,1,695.0,78,696.0,9,1,2357,2025-06-17
2025-06-17 11:49:50.310140,696.0,2,695.0,76,696.0,7,1,2357,2025-06-17
2025-06-17 11:49:52.825239,696.0,3,695.0,77,696.0,4,1,2357,2025-06-17
2025-06-17 11:50:07.174956,695.0,1,695.0,76,696.0,8,2,2357,2025-06-17
2025-06-17 11:50:08.201393,696.0,1,695.0,76,696.0,7,1,2357,2025-06-17
2025-06-17 11:50:17.616416,696.0,2,695.0,76,696.0,6,1,2357,2025-06-17
2025-06-17 11:50:30.182923,696.0,1,695.0,76,696.0,7,1,2357,2025-06-17
2025-06-17 11:50:50.357886,696.0,5,695.0,78,696.0,6,1,2357,2025-06-17
2025-06-17 11:50:57.204466,696.0,1,695.0,79,696.0,8,1,2357,2025-06-17
2025-06-17 11:51:07.580295,696.0,1,695.0,79,696.0,7,1,2357,2025-06-17
2025-06-17 11:51:24.026788,696.0,1,695.0,79,696.0,20,1,2357,2025-06-17
2025-06-17 11:51:34.619704,696.0,1,695.0,79,696.0,20,1,2357,2025-06-17
2025-06-17 11:51:47.197268,696.0,1,695.0,81,696.0,20,1,2357,2025-06-17
2025-06-17 11:51:59.345692,696.0,1,695.0,82,696.0,19,1,2357,2025-06-17
2025-06-17 11:52:18.070668,696.0,1,695.0,83,696.0,18,1,2357,2025-06-17
2025-06-17 11:52:22.082789,696.0,1,695.0,82,696.0,9,1,2357,2025-06-17
2025-06-17 11:52:26.268944,696.0,1,695.0,82,696.0,8,1,2357,2025-06-17
2025-06-17 11:52:33.176993,695.0,1,695.0,81,696.0,7,2,2357,2025-06-17
2025-06-17 11:52:37.215271,696.0,2,695.0,81,696.0,13,1,2357,2025-06-17
2025-06-17 11:52:44.971335,695.0,1,695.0,81,696.0,23,2,2357,2025-06-17
2025-06-17 11:52:50.274533,696.0,2,695.0,81,696.0,21,1,2357,2025-06-17
2025-06-17 11:53:12.113304,696.0,1,695.0,88,696.0,22,1,2357,2025-06-17
2025-06-17 11:53:27.190934,696.0,1,695.0,88,696.0,10,1,2357,2025-06-17
2025-06-17 11:54:00.175625,695.0,1,695.0,87,696.0,1,2,2357,2025-06-17
2025-06-17 11:54:06.156849,696.0,1,695.0,87,696.0,1,1,2357,2025-06-17
2025-06-17 11:54:16.200110,696.0,1,695.0,89,697.0,35,1,2357,2025-06-17
2025-06-17 11:54:20.627190,696.0,2,695.0,88,697.0,56,2,2357,2025-06-17
2025-06-17 11:54:20.750909,696.0,1,695.0,84,697.0,65,2,2357,2025-06-17
2025-06-17 11:54:20.801131,696.0,2,695.0,84,697.0,65,2,2357,2025-06-17
2025-06-17 11:54:21.176406,696.0,1,695.0,83,697.0,62,2,2357,2025-06-17
2025-06-17 11:54:43.279292,696.0,3,695.0,84,696.0,8,1,2357,2025-06-17
2025-06-17 11:55:00.200562,696.0,1,695.0,84,696.0,9,1,2357,2025-06-17
2025-06-17 11:55:06.191018,696.0,1,695.0,83,696.0,8,1,2357,2025-06-17
2025-06-17 11:55:22.497451,696.0,3,695.0,82,696.0,5,1,2357,2025-06-17
2025-06-17 11:55:24.132928,695.0,1,695.0,81,696.0,5,2,2357,2025-06-17
2025-06-17 11:55:54.044887,696.0,1,695.0,82,696.0,7,1,2357,2025-06-17
2025-06-17 11:55:56.201704,696.0,1,695.0,82,696.0,7,1,2357,2025-06-17
2025-06-17 11:56:32.152291,696.0,5,695.0,83,696.0,6,1,2357,2025-06-17
2025-06-17 11:56:46.208310,696.0,1,695.0,83,696.0,15,1,2357,2025-06-17
2025-06-17 11:56:48.087861,696.0,1,695.0,83,696.0,17,1,2357,2025-06-17
2025-06-17 11:57:35.198622,696.0,1,695.0,89,696.0,9,1,2357,2025-06-17
2025-06-17 11:57:41.157403,696.0,1,695.0,89,696.0,8,1,2357,2025-06-17
2025-06-17 11:57:41.811546,696.0,2,695.0,89,696.0,6,1,2357,2025-06-17
2025-06-17 11:57:41.843677,696.0,2,695.0,89,696.0,4,1,2357,2025-06-17
2025-06-17 11:57:44.748203,696.0,1,695.0,89,696.0,3,1,2357,2025-06-17
2025-06-17 11:57:55.542057,696.0,2,695.0,90,696.0,2,1,2357,2025-06-17
2025-06-17 11:58:15.129906,695.0,1,695.0,89,696.0,1,2,2357,2025-06-17
2025-06-17 11:58:25.208554,696.0,1,695.0,89,697.0,48,1,2357,2025-06-17
2025-06-17 11:58:27.307431,697.0,4,695.0,89,697.0,54,1,2357,2025-06-17
2025-06-17 11:58:32.140997,696.0,1,695.0,88,697.0,48,2,2357,2025-06-17
2025-06-17 11:58:32.316164,696.0,1,695.0,86,697.0,49,2,2357,2025-06-17
2025-06-17 11:58:35.200305,697.0,1,695.0,87,697.0,49,1,2357,2025-06-17
2025-06-17 11:58:36.794605,696.0,1,695.0,86,697.0,50,2,2357,2025-06-17
2025-06-17 11:58:50.252324,696.0,2,695.0,86,697.0,50,2,2357,2025-06-17
2025-06-17 11:59:15.195230,696.0,1,695.0,87,696.0,4,1,2357,2025-06-17
2025-06-17 11:59:18.269922,696.0,1,695.0,90,696.0,3,1,2357,2025-06-17
2025-06-17 11:59:18.390324,696.0,1,695.0,89,696.0,3,1,2357,2025-06-17
2025-06-17 11:59:29.044974,696.0,1,695.0,89,696.0,2,1,2357,2025-06-17
2025-06-17 11:59:35.595962,696.0,1,695.0,89,696.0,2,1,2357,2025-06-17
2025-06-17 11:59:43.177592,695.0,2,695.0,87,696.0,2,2,2357,2025-06-17
2025-06-17 12:00:05.206464,696.0,1,695.0,88,696.0,1,1,2357,2025-06-17
2025-06-17 12:00:23.087545,696.0,1,695.0,89,696.0,2,1,2357,2025-06-17
2025-06-17 12:00:28.677395,696.0,2,695.0,89,697.0,52,1,2357,2025-06-17
2025-06-17 12:00:49.763287,695.0,1,695.0,88,697.0,54,2,2357,2025-06-17
2025-06-17 12:00:54.213349,697.0,1,695.0,88,697.0,53,1,2357,2025-06-17
2025-06-17 12:01:03.281152,696.0,1,695.0,89,697.0,53,2,2357,2025-06-17
2025-06-17 12:01:25.292911,696.0,1,695.0,89,697.0,54,2,2357,2025-06-17
2025-06-17 12:01:44.206540,697.0,1,696.0,21,697.0,40,1,2357,2025-06-17
2025-06-17 12:01:55.679054,696.0,1,696.0,20,697.0,40,2,2357,2025-06-17
2025-06-17 12:02:00.949219,696.0,1,696.0,20,697.0,40,2,2357,2025-06-17
2025-06-17 12:02:01.306745,696.0,21,695.0,73,697.0,40,2,2357,2025-06-17
2025-06-17 12:02:19.180678,696.0,1,695.0,74,696.0,8,1,2357,2025-06-17
2025-06-17 12:02:27.218206,695.0,1,695.0,75,696.0,9,2,2357,2025-06-17
2025-06-17 12:02:27.986176,695.0,1,695.0,74,696.0,9,2,2357,2025-06-17
2025-06-17 12:02:34.193803,696.0,1,695.0,75,696.0,10,1,2357,2025-06-17
2025-06-17 12:03:00.581673,696.0,1,695.0,75,696.0,9,1,2357,2025-06-17
2025-06-17 12:03:01.826620,696.0,2,695.0,75,696.0,7,1,2357,2025-06-17
2025-06-17 12:03:10.252098,696.0,3,695.0,74,696.0,5,1,2357,2025-06-17
2025-06-17 12:03:14.024776,696.0,1,695.0,74,696.0,4,1,2357,2025-06-17
2025-06-17 12:03:24.199114,696.0,1,695.0,77,696.0,3,1,2357,2025-06-17
2025-06-17 12:03:30.432476,696.0,1,695.0,77,696.0,2,1,2357,2025-06-17
2025-06-17 12:03:58.118717,696.0,1,695.0,79,696.0,4,1,2357,2025-06-17
2025-06-17 12:04:08.070742,696.0,1,695.0,79,696.0,3,1,2357,2025-06-17
2025-06-17 12:04:13.190803,696.0,1,695.0,79,696.0,2,1,2357,2025-06-17
2025-06-17 12:05:03.114980,696.0,1,695.0,82,696.0,3,1,2357,2025-06-17
2025-06-17 12:05:03.199471,696.0,1,695.0,82,696.0,2,1,2357,2025-06-17
2025-06-17 12:05:21.154745,695.0,1,695.0,81,696.0,1,2,2357,2025-06-17
2025-06-17 12:05:33.740223,696.0,1,695.0,81,697.0,37,1,2357,2025-06-17
2025-06-17 12:05:33.740223,697.0,1,695.0,81,697.0,37,1,2357,2025-06-17
2025-06-17 12:05:41.158277,696.0,1,695.0,79,697.0,35,2,2357,2025-06-17
2025-06-17 12:05:53.191354,697.0,1,696.0,6,697.0,29,1,2357,2025-06-17
2025-06-17 12:06:06.576694,697.0,1,696.0,8,697.0,32,1,2357,2025-06-17
2025-06-17 12:06:06.602614,696.0,8,695.0,72,697.0,32,2,2357,2025-06-17
2025-06-17 12:06:11.270727,696.0,1,695.0,70,696.0,4,1,2357,2025-06-17
2025-06-17 12:06:43.199729,696.0,1,695.0,73,696.0,5,1,2357,2025-06-17
2025-06-17 12:06:45.217359,695.0,1,695.0,72,696.0,4,2,2357,2025-06-17
2025-06-17 12:06:51.202756,696.0,1,695.0,72,696.0,4,1,2357,2025-06-17
2025-06-17 12:06:55.592485,695.0,1,695.0,71,696.0,4,2,2357,2025-06-17
2025-06-17 12:07:06.872062,696.0,1,695.0,71,696.0,7,1,2357,2025-06-17
2025-06-17 12:07:27.690827,696.0,4,695.0,73,696.0,6,1,2357,2025-06-17
2025-06-17 12:07:32.190337,696.0,1,695.0,74,696.0,5,1,2357,2025-06-17
2025-06-17 12:07:46.046154,696.0,1,695.0,75,696.0,7,1,2357,2025-06-17
2025-06-17 12:08:05.927993,696.0,3,695.0,76,696.0,4,1,2357,2025-06-17
2025-06-17 12:08:06.603601,696.0,3,695.0,76,696.0,1,1,2357,2025-06-17
2025-06-17 12:08:22.200360,696.0,2,695.0,76,696.0,4,1,2357,2025-06-17
2025-06-17 12:08:40.089094,696.0,1,695.0,77,696.0,6,1,2357,2025-06-17
2025-06-17 12:08:47.395279,696.0,1,695.0,77,696.0,8,1,2357,2025-06-17
2025-06-17 12:08:50.947887,696.0,1,695.0,77,696.0,8,1,2357,2025-06-17
2025-06-17 12:09:00.410298,696.0,1,695.0,77,696.0,8,1,2357,2025-06-17
2025-06-17 12:09:05.924601,695.0,4,695.0,79,696.0,8,2,2357,2025-06-17
2025-06-17 12:09:12.191043,696.0,1,695.0,75,696.0,7,1,2357,2025-06-17
2025-06-17 12:09:14.201094,696.0,3,695.0,75,696.0,19,1,2357,2025-06-17
2025-06-17 12:09:17.820832,696.0,1,695.0,75,696.0,16,1,2357,2025-06-17
2025-06-17 12:09:35.133489,696.0,1,695.0,75,696.0,11,1,2357,2025-06-17
2025-06-17 12:09:40.858259,695.0,5,695.0,70,696.0,33,2,2357,2025-06-17
2025-06-17 12:10:02.182245,696.0,1,695.0,70,696.0,38,1,2357,2025-06-17
2025-06-17 12:10:29.176968,696.0,1,695.0,69,696.0,36,1,2357,2025-06-17
2025-06-17 12:10:32.788924,695.0,46,695.0,23,696.0,39,2,2357,2025-06-17
2025-06-17 12:10:32.820594,695.0,2,695.0,20,696.0,47,2,2357,2025-06-17
2025-06-17 12:10:32.823359,695.0,4,695.0,20,696.0,44,2,2357,2025-06-17
2025-06-17 12:10:32.850869,695.0,2,695.0,14,696.0,44,2,2357,2025-06-17
2025-06-17 12:10:32.936179,695.0,9,695.0,14,696.0,45,2,2357,2025-06-17
2025-06-17 12:10:32.988353,695.0,4,695.0,1,696.0,45,2,2357,2025-06-17
2025-06-17 12:10:33.819762,695.0,2,695.0,4,696.0,46,2,2357,2025-06-17
2025-06-17 12:10:33.852986,695.0,1,695.0,3,696.0,52,2,2357,2025-06-17
2025-06-17 12:10:33.853050,695.0,3,694.0,52,696.0,52,2,2357,2025-06-17
2025-06-17 12:10:39.608366,696.0,2,694.0,53,696.0,51,1,2357,2025-06-17
2025-06-17 12:10:40.101122,696.0,1,694.0,53,696.0,50,1,2357,2025-06-17
2025-06-17 12:10:40.462045,695.0,1,694.0,53,696.0,50,2,2357,2025-06-17
2025-06-17 12:10:51.190991,695.0,1,694.0,53,695.0,4,1,2357,2025-06-17
2025-06-17 12:10:53.180113,695.0,2,694.0,53,695.0,2,1,2357,2025-06-17
2025-06-17 12:10:58.077570,695.0,1,694.0,53,695.0,3,1,2357,2025-06-17
2025-06-17 12:11:03.152896,694.0,1,694.0,52,695.0,8,2,2357,2025-06-17
2025-06-17 12:11:04.031785,695.0,3,694.0,52,695.0,5,1,2357,2025-06-17
2025-06-17 12:11:05.859240,694.0,1,694.0,51,695.0,5,2,2357,2025-06-17
2025-06-17 12:11:16.720431,695.0,8,695.0,42,696.0,34,1,2357,2025-06-17
2025-06-17 12:11:23.021635,696.0,1,695.0,54,696.0,22,1,2357,2025-06-17
2025-06-17 12:11:41.197314,696.0,1,695.0,54,696.0,26,1,2357,2025-06-17
2025-06-17 12:11:56.359474,696.0,5,695.0,55,696.0,21,1,2357,2025-06-17
2025-06-17 12:11:58.948493,696.0,1,695.0,55,696.0,20,1,2357,2025-06-17
2025-06-17 12:12:04.596249,695.0,1,695.0,54,696.0,20,2,2357,2025-06-17
2025-06-17 12:12:18.067181,696.0,1,695.0,55,696.0,21,1,2357,2025-06-17
2025-06-17 12:12:30.219003,695.0,1,695.0,54,696.0,24,2,2357,2025-06-17
2025-06-17 12:12:31.188501,696.0,1,695.0,54,696.0,23,1,2357,2025-06-17
2025-06-17 12:12:55.866409,695.0,4,695.0,52,696.0,25,2,2357,2025-06-17
2025-06-17 12:13:04.276604,696.0,1,695.0,52,696.0,27,1,2357,2025-06-17
2025-06-17 12:13:11.917659,696.0,2,695.0,52,696.0,25,1,2357,2025-06-17
2025-06-17 12:13:12.110034,696.0,1,695.0,52,696.0,24,1,2357,2025-06-17
2025-06-17 12:13:18.974577,695.0,1,695.0,51,696.0,21,2,2357,2025-06-17
2025-06-17 12:13:21.179582,696.0,1,695.0,51,696.0,20,1,2357,2025-06-17
2025-06-17 12:13:46.307075,695.0,1,695.0,53,696.0,20,2,2357,2025-06-17
2025-06-17 12:13:52.132127,695.0,5,695.0,48,696.0,20,2,2357,2025-06-17
2025-06-17 12:14:07.154826,696.0,1,695.0,48,696.0,26,1,2357,2025-06-17
2025-06-17 12:14:08.228159,695.0,5,695.0,43,696.0,26,2,2357,2025-06-17
2025-06-17 12:14:10.185537,696.0,1,695.0,43,696.0,29,1,2357,2025-06-17
2025-06-17 12:14:24.103641,695.0,1,695.0,44,696.0,38,2,2357,2025-06-17
2025-06-17 12:14:25.813903,695.0,1,695.0,43,696.0,38,2,2357,2025-06-17
2025-06-17 12:14:31.388010,695.0,7,695.0,36,696.0,39,2,2357,2025-06-17
2025-06-17 12:14:31.530789,695.0,1,695.0,35,696.0,39,2,2357,2025-06-17
2025-06-17 12:14:31.571595,695.0,3,695.0,32,696.0,42,2,2357,2025-06-17
2025-06-17 12:14:45.632043,695.0,1,695.0,31,696.0,45,2,2357,2025-06-17
2025-06-17 12:14:46.655753,695.0,12,695.0,19,696.0,40,2,2357,2025-06-17
2025-06-17 12:15:00.180959,696.0,1,695.0,73,696.0,30,1,2357,2025-06-17
2025-06-17 12:15:01.198492,696.0,1,695.0,73,696.0,29,1,2357,2025-06-17
2025-06-17 12:15:05.952207,696.0,1,695.0,74,696.0,28,1,2357,2025-06-17
2025-06-17 12:15:18.152349,695.0,1,695.0,72,696.0,28,2,2357,2025-06-17
2025-06-17 12:15:21.546209,696.0,1,695.0,72,696.0,27,1,2357,2025-06-17
2025-06-17 12:15:45.083813,696.0,2,695.0,73,696.0,26,1,2357,2025-06-17
2025-06-17 12:15:50.172913,696.0,1,695.0,73,696.0,29,1,2357,2025-06-17
2025-06-17 12:15:55.043291,696.0,1,695.0,73,696.0,28,1,2357,2025-06-17
2025-06-17 12:16:40.179340,696.0,1,695.0,77,696.0,30,1,2357,2025-06-17
2025-06-17 12:16:42.217186,695.0,1,695.0,76,696.0,29,2,2357,2025-06-17
2025-06-17 12:16:44.940020,696.0,2,695.0,76,696.0,27,1,2357,2025-06-17
2025-06-17 12:16:50.086698,696.0,1,695.0,77,696.0,26,1,2357,2025-06-17
2025-06-17 12:16:52.714978,695.0,1,695.0,77,696.0,26,2,2357,2025-06-17
2025-06-17 12:17:06.989956,695.0,1,695.0,78,696.0,27,2,2357,2025-06-17
2025-06-17 12:17:12.596311,695.0,1,695.0,77,696.0,30,2,2357,2025-06-17
2025-06-17 12:17:29.170890,696.0,1,695.0,77,696.0,33,1,2357,2025-06-17
2025-06-17 12:17:38.381578,695.0,1,695.0,78,696.0,34,2,2357,2025-06-17
2025-06-17 12:17:44.130930,696.0,1,695.0,78,696.0,39,1,2357,2025-06-17
2025-06-17 12:18:06.217359,695.0,1,695.0,77,696.0,44,2,2357,2025-06-17
2025-06-17 12:18:14.052590,696.0,1,695.0,83,696.0,44,1,2357,2025-06-17
2025-06-17 12:18:17.240735,696.0,3,695.0,84,696.0,43,1,2357,2025-06-17
2025-06-17 12:18:19.160009,696.0,1,695.0,84,696.0,40,1,2357,2025-06-17
2025-06-17 12:18:22.891877,695.0,1,695.0,83,696.0,40,2,2357,2025-06-17
2025-06-17 12:18:39.174308,696.0,1,695.0,83,696.0,39,1,2357,2025-06-17
2025-06-17 12:19:09.177314,696.0,1,695.0,85,696.0,44,1,2357,2025-06-17
2025-06-17 12:19:25.068992,696.0,1,695.0,87,696.0,46,1,2357,2025-06-17
2025-06-17 12:19:28.300843,696.0,1,695.0,86,696.0,45,1,2357,2025-06-17
2025-06-17 12:19:28.976106,695.0,1,695.0,90,696.0,46,2,2357,2025-06-17
2025-06-17 12:19:33.018994,696.0,1,695.0,90,696.0,44,1,2357,2025-06-17
2025-06-17 12:19:33.179005,695.0,1,695.0,89,696.0,43,2,2357,2025-06-17
2025-06-17 12:19:34.757593,696.0,1,695.0,88,696.0,43,1,2357,2025-06-17
2025-06-17 12:19:57.270122,696.0,1,695.0,88,696.0,47,1,2357,2025-06-17
2025-06-17 12:19:58.806100,695.0,1,695.0,87,696.0,47,2,2357,2025-06-17
2025-06-17 12:19:59.165281,696.0,1,695.0,87,696.0,46,1,2357,2025-06-17
2025-06-17 12:20:20.205981,695.0,2,695.0,86,696.0,60,2,2357,2025-06-17
2025-06-17 12:20:21.852567,695.0,42,695.0,44,696.0,62,2,2357,2025-06-17
2025-06-17 12:20:21.875436,695.0,1,695.0,43,696.0,62,2,2357,2025-06-17
2025-06-17 12:20:21.875606,695.0,7,695.0,35,696.0,62,2,2357,2025-06-17
2025-06-17 12:20:21.875642,695.0,4,695.0,31,696.0,67,2,2357,2025-06-17
2025-06-17 12:20:21.875659,695.0,28,695.0,3,696.0,67,2,2357,2025-06-17
2025-06-17 12:20:21.875719,695.0,3,694.0,44,696.0,67,2,2357,2025-06-17
2025-06-17 12:20:22.686094,694.0,10,694.0,35,695.0,16,2,2357,2025-06-17
2025-06-17 12:20:22.734757,694.0,2,694.0,35,695.0,17,2,2357,2025-06-17
2025-06-17 12:20:25.672904,694.0,7,694.0,24,695.0,20,2,2357,2025-06-17
2025-06-17 12:20:25.704136,694.0,22,693.0,25,695.0,22,2,2357,2025-06-17
2025-06-17 12:20:25.855409,693.0,3,693.0,25,695.0,38,2,2357,2025-06-17
2025-06-17 12:20:27.061091,695.0,1,693.0,25,695.0,36,1,2357,2025-06-17
2025-06-17 12:20:42.782405,693.0,6,693.0,19,694.0,8,2,2357,2025-06-17
2025-06-17 12:20:48.169450,694.0,1,693.0,18,694.0,15,1,2357,2025-06-17
2025-06-17 12:20:50.351551,694.0,2,693.0,19,694.0,20,1,2357,2025-06-17
2025-06-17 12:20:51.412942,693.0,1,693.0,18,694.0,20,2,2357,2025-06-17
2025-06-17 12:20:57.210843,693.0,1,693.0,17,694.0,19,2,2357,2025-06-17
2025-06-17 12:21:04.842110,693.0,1,693.0,17,694.0,19,2,2357,2025-06-17
2025-06-17 12:21:06.472932,693.0,1,693.0,16,694.0,21,2,2357,2025-06-17
2025-06-17 12:21:13.722357,693.0,1,693.0,15,694.0,21,2,2357,2025-06-17
2025-06-17 12:21:22.105359,694.0,1,693.0,15,694.0,21,1,2357,2025-06-17
2025-06-17 12:21:30.467459,694.0,20,693.0,15,694.0,2,1,2357,2025-06-17
2025-06-17 12:21:35.252254,694.0,2,694.0,18,695.0,33,1,2357,2025-06-17
2025-06-17 12:21:38.174826,695.0,1,694.0,22,695.0,9,1,2357,2025-06-17
2025-06-17 12:21:41.578892,695.0,13,695.0,37,696.0,46,1,2357,2025-06-17
2025-06-17 12:21:41.605693,695.0,2,695.0,35,696.0,32,2,2357,2025-06-17
2025-06-17 12:21:42.121195,695.0,1,695.0,39,696.0,31,2,2357,2025-06-17
2025-06-17 12:21:47.194062,695.0,14,695.0,25,696.0,31,2,2357,2025-06-17
2025-06-17 12:21:49.530389,695.0,1,695.0,24,696.0,31,2,2357,2025-06-17
2025-06-17 12:21:51.555464,695.0,2,695.0,22,696.0,36,2,2357,2025-06-17
2025-06-17 12:21:51.697160,695.0,1,695.0,20,696.0,36,2,2357,2025-06-17
2025-06-17 12:21:52.816637,695.0,2,695.0,19,696.0,40,2,2357,2025-06-17
2025-06-17 12:21:58.459030,695.0,1,695.0,19,696.0,42,2,2357,2025-06-17
2025-06-17 12:22:00.816752,695.0,1,695.0,18,696.0,42,2,2357,2025-06-17
2025-06-17 12:22:01.036073,695.0,1,695.0,17,696.0,42,2,2357,2025-06-17
2025-06-17 12:22:13.814597,695.0,1,695.0,36,696.0,33,2,2357,2025-06-17
2025-06-17 12:22:16.151109,696.0,1,695.0,38,696.0,36,1,2357,2025-06-17
2025-06-17 12:22:20.590486,695.0,1,695.0,38,696.0,33,2,2357,2025-06-17
2025-06-17 12:22:28.183676,696.0,1,695.0,38,696.0,32,1,2357,2025-06-17
2025-06-17 12:22:29.313407,695.0,1,695.0,37,696.0,32,2,2357,2025-06-17
2025-06-17 12:23:11.196010,696.0,1,695.0,44,696.0,32,1,2357,2025-06-17
2025-06-17 12:23:18.180520,696.0,1,695.0,45,696.0,32,1,2357,2025-06-17
2025-06-17 12:23:22.219298,696.0,2,695.0,45,696.0,30,1,2357,2025-06-17
2025-06-17 12:23:35.974126,695.0,1,695.0,44,696.0,30,2,2357,2025-06-17
2025-06-17 12:23:48.192340,695.0,1,695.0,44,696.0,32,2,2357,2025-06-17
2025-06-17 12:24:05.038489,696.0,1,695.0,44,696.0,31,1,2357,2025-06-17
2025-06-17 12:24:07.187525,696.0,2,695.0,44,696.0,29,1,2357,2025-06-17
2025-06-17 12:24:12.850058,695.0,1,695.0,43,696.0,30,2,2357,2025-06-17
2025-06-17 12:24:17.414413,695.0,1,695.0,42,696.0,30,2,2357,2025-06-17
2025-06-17 12:24:45.024873,696.0,1,695.0,41,696.0,34,1,2357,2025-06-17
2025-06-17 12:24:47.442136,695.0,1,695.0,40,696.0,34,2,2357,2025-06-17
2025-06-17 12:24:57.189843,696.0,1,695.0,40,696.0,34,1,2357,2025-06-17
2025-06-17 12:24:59.083269,696.0,1,695.0,40,696.0,33,1,2357,2025-06-17
2025-06-17 12:25:02.589097,695.0,1,695.0,40,696.0,33,2,2357,2025-06-17
2025-06-17 12:25:12.229578,695.0,1,695.0,39,696.0,36,2,2357,2025-06-17
2025-06-17 12:25:18.241929,695.0,2,695.0,35,696.0,148,2,2357,2025-06-17
2025-06-17 12:25:37.314077,695.0,1,695.0,40,696.0,151,2,2357,2025-06-17
2025-06-17 12:25:43.483197,695.0,1,695.0,39,696.0,151,2,2357,2025-06-17
2025-06-17 12:25:47.198702,696.0,1,695.0,37,696.0,153,1,2357,2025-06-17
2025-06-17 12:25:54.128001,696.0,1,695.0,39,696.0,152,1,2357,2025-06-17
2025-06-17 12:25:55.834352,696.0,2,695.0,39,696.0,151,1,2357,2025-06-17
2025-06-17 12:26:14.595088,695.0,1,695.0,38,696.0,154,2,2357,2025-06-17
2025-06-17 12:26:36.130650,695.0,1,695.0,38,696.0,155,2,2357,2025-06-17
2025-06-17 12:26:37.185840,696.0,1,695.0,38,696.0,154,1,2357,2025-06-17
2025-06-17 12:26:48.170900,696.0,1,695.0,39,696.0,154,1,2357,2025-06-17
2025-06-17 12:26:50.263269,696.0,1,695.0,39,696.0,153,1,2357,2025-06-17
2025-06-17 12:27:26.194370,696.0,1,695.0,39,696.0,157,1,2357,2025-06-17
2025-06-17 12:27:43.014393,696.0,1,695.0,39,696.0,156,1,2357,2025-06-17
2025-06-17 12:27:57.223986,695.0,3,695.0,37,696.0,156,2,2357,2025-06-17
2025-06-17 12:28:03.163229,695.0,1,695.0,36,696.0,155,2,2357,2025-06-17
2025-06-17 12:28:16.201881,696.0,1,695.0,39,696.0,155,1,2357,2025-06-17
2025-06-17 12:28:24.587291,695.0,1,695.0,38,696.0,158,2,2357,2025-06-17
2025-06-17 12:28:28.134112,696.0,2,695.0,38,696.0,156,1,2357,2025-06-17
2025-06-17 12:28:37.058638,696.0,1,695.0,38,696.0,156,1,2357,2025-06-17
2025-06-17 12:28:37.588448,695.0,1,695.0,37,696.0,156,2,2357,2025-06-17
2025-06-17 12:29:06.193570,696.0,1,695.0,37,696.0,159,1,2357,2025-06-17
2025-06-17 12:29:27.158526,695.0,1,695.0,68,696.0,157,2,2357,2025-06-17
2025-06-17 12:29:31.101059,696.0,1,695.0,68,696.0,156,1,2357,2025-06-17
2025-06-17 12:29:56.204482,696.0,1,695.0,68,696.0,162,1,2357,2025-06-17
2025-06-17 12:29:58.600822,695.0,1,695.0,67,696.0,163,2,2357,2025-06-17
2025-06-17 12:30:13.886523,695.0,1,695.0,67,696.0,165,2,2357,2025-06-17
2025-06-17 12:30:22.130188,695.0,1,695.0,66,696.0,165,2,2357,2025-06-17
2025-06-17 12:30:26.146279,696.0,1,695.0,66,696.0,165,1,2357,2025-06-17
2025-06-17 12:30:45.215200,696.0,1,695.0,68,696.0,166,1,2357,2025-06-17
2025-06-17 12:30:51.174909,695.0,1,695.0,68,696.0,166,2,2357,2025-06-17
2025-06-17 12:31:01.956177,696.0,3,695.0,69,696.0,167,1,2357,2025-06-17
2025-06-17 12:31:20.189282,696.0,1,695.0,69,696.0,165,1,2357,2025-06-17
2025-06-17 12:31:35.511670,696.0,1,695.0,69,696.0,165,1,2357,2025-06-17
2025-06-17 12:32:01.058559,696.0,1,695.0,70,696.0,166,1,2357,2025-06-17
2025-06-17 12:32:15.035527,696.0,1,695.0,75,696.0,165,1,2357,2025-06-17
2025-06-17 12:32:18.221931,695.0,1,695.0,74,696.0,164,2,2357,2025-06-17
2025-06-17 12:32:25.209233,696.0,1,695.0,74,696.0,164,1,2357,2025-06-17
2025-06-17 12:32:38.928099,696.0,5,695.0,74,696.0,160,1,2357,2025-06-17
2025-06-17 12:32:42.351248,695.0,1,695.0,74,696.0,159,2,2357,2025-06-17
2025-06-17 12:33:06.595099,696.0,1,695.0,75,696.0,161,1,2357,2025-06-17
2025-06-17 12:33:09.077584,696.0,1,695.0,75,696.0,160,1,2357,2025-06-17
2025-06-17 12:33:15.200051,696.0,1,695.0,75,696.0,161,1,2357,2025-06-17
2025-06-17 12:33:34.366689,696.0,2,695.0,95,696.0,165,1,2357,2025-06-17
2025-06-17 12:33:43.262441,696.0,1,695.0,94,696.0,164,1,2357,2025-06-17
2025-06-17 12:33:45.218820,695.0,1,695.0,93,696.0,164,2,2357,2025-06-17
2025-06-17 12:33:45.651808,695.0,2,695.0,91,696.0,164,2,2357,2025-06-17
2025-06-17 12:33:52.977449,695.0,1,695.0,90,696.0,164,2,2357,2025-06-17
2025-06-17 12:34:03.121019,696.0,1,695.0,91,696.0,163,1,2357,2025-06-17
2025-06-17 12:34:04.209235,696.0,1,695.0,91,696.0,162,1,2357,2025-06-17
2025-06-17 12:34:05.023979,696.0,1,695.0,121,696.0,159,1,2357,2025-06-17
2025-06-17 12:34:54.196962,696.0,1,695.0,125,696.0,164,1,2357,2025-06-17
2025-06-17 12:34:58.165387,696.0,1,695.0,125,696.0,161,1,2357,2025-06-17
2025-06-17 12:35:06.299905,695.0,1,695.0,124,696.0,162,2,2357,2025-06-17
2025-06-17 12:35:09.225307,695.0,1,695.0,123,696.0,160,2,2357,2025-06-17
2025-06-17 12:35:12.581366,695.0,1,695.0,122,696.0,160,2,2357,2025-06-17
2025-06-17 12:35:42.084624,696.0,1,695.0,122,696.0,162,1,2357,2025-06-17
2025-06-17 12:35:44.205505,696.0,1,695.0,122,696.0,162,1,2357,2025-06-17
2025-06-17 12:35:52.008904,696.0,1,695.0,123,696.0,161,1,2357,2025-06-17
2025-06-17 12:35:52.457712,696.0,1,695.0,123,696.0,160,1,2357,2025-06-17
2025-06-17 12:36:06.335261,696.0,2,695.0,123,696.0,159,1,2357,2025-06-17
2025-06-17 12:36:07.485336,695.0,1,695.0,122,696.0,159,2,2357,2025-06-17
2025-06-17 12:36:33.225574,695.0,1,695.0,122,696.0,159,2,2357,2025-06-17
2025-06-17 12:36:34.197878,696.0,1,695.0,122,696.0,158,1,2357,2025-06-17
2025-06-17 12:36:47.060577,696.0,1,695.0,122,696.0,157,1,2357,2025-06-17
2025-06-17 12:36:48.383838,695.0,1,695.0,121,696.0,157,2,2357,2025-06-17
2025-06-17 12:36:52.292479,695.0,1,695.0,120,696.0,157,2,2357,2025-06-17
2025-06-17 12:36:53.797311,695.0,1,695.0,119,696.0,157,2,2357,2025-06-17
2025-06-17 12:37:01.957039,696.0,1,695.0,119,696.0,156,1,2357,2025-06-17
2025-06-17 12:37:23.208221,696.0,1,695.0,120,696.0,163,1,2357,2025-06-17
2025-06-17 12:37:40.235903,695.0,1,695.0,119,696.0,164,2,2357,2025-06-17
2025-06-17 12:37:41.097608,696.0,1,695.0,119,696.0,163,1,2357,2025-06-17
2025-06-17 12:38:00.138299,695.0,1,695.0,119,696.0,169,2,2357,2025-06-17
2025-06-17 12:38:06.088398,696.0,2,695.0,119,696.0,167,1,2357,2025-06-17
2025-06-17 12:38:13.197806,696.0,1,695.0,119,696.0,166,1,2357,2025-06-17
2025-06-17 12:38:19.643755,696.0,10,695.0,118,696.0,155,1,2357,2025-06-17
2025-06-17 12:38:20.767259,695.0,1,695.0,117,696.0,155,2,2357,2025-06-17
2025-06-17 12:38:28.241340,695.0,1,695.0,116,696.0,155,2,2357,2025-06-17
2025-06-17 12:38:34.877377,696.0,1,695.0,116,696.0,155,1,2357,2025-06-17
2025-06-17 12:38:35.140683,696.0,1,695.0,116,696.0,154,1,2357,2025-06-17
2025-06-17 12:38:38.104450,695.0,1,695.0,115,696.0,154,2,2357,2025-06-17
2025-06-17 12:38:39.902338,696.0,2,695.0,115,696.0,152,1,2357,2025-06-17
2025-06-17 12:39:01.767893,695.0,1,695.0,114,696.0,153,2,2357,2025-06-17
2025-06-17 12:39:03.205190,696.0,1,695.0,114,696.0,153,1,2357,2025-06-17
2025-06-17 12:39:27.161719,695.0,1,695.0,125,696.0,156,2,2357,2025-06-17
2025-06-17 12:39:30.185551,696.0,1,695.0,125,696.0,155,1,2357,2025-06-17
2025-06-17 12:39:53.197155,696.0,2,695.0,126,696.0,153,1,2357,2025-06-17
2025-06-17 12:39:59.764195,695.0,1,695.0,125,696.0,154,2,2357,2025-06-17
2025-06-17 12:40:09.954410,696.0,1,695.0,124,696.0,155,1,2357,2025-06-17
2025-06-17 12:40:24.029640,696.0,1,695.0,124,696.0,157,1,2357,2025-06-17
2025-06-17 12:40:32.260068,696.0,1,695.0,123,696.0,157,1,2357,2025-06-17
2025-06-17 12:40:35.265442,696.0,1,695.0,123,696.0,156,1,2357,2025-06-17
2025-06-17 12:40:42.207225,696.0,1,695.0,123,696.0,155,1,2357,2025-06-17
2025-06-17 12:40:44.319283,695.0,1,695.0,122,696.0,155,2,2357,2025-06-17
2025-06-17 12:40:51.217249,695.0,1,695.0,121,696.0,154,2,2357,2025-06-17
2025-06-17 12:41:12.362952,696.0,3,695.0,123,696.0,151,1,2357,2025-06-17
2025-06-17 12:41:19.074062,696.0,1,695.0,123,696.0,150,1,2357,2025-06-17
2025-06-17 12:41:20.466684,695.0,1,695.0,122,696.0,150,2,2357,2025-06-17
2025-06-17 12:41:32.197301,696.0,1,695.0,123,696.0,151,1,2357,2025-06-17
2025-06-17 12:42:13.118225,696.0,1,695.0,123,696.0,149,1,2357,2025-06-17
2025-06-17 12:42:15.137308,695.0,1,695.0,122,696.0,148,2,2357,2025-06-17
2025-06-17 12:42:22.202651,696.0,1,695.0,122,696.0,147,1,2357,2025-06-17
2025-06-17 12:42:37.708414,695.0,1,695.0,120,696.0,148,2,2357,2025-06-17
2025-06-17 12:42:43.515854,695.0,1,695.0,119,696.0,149,2,2357,2025-06-17
2025-06-17 12:42:53.594982,695.0,1,695.0,118,696.0,150,2,2357,2025-06-17
2025-06-17 12:43:07.161743,696.0,1,695.0,118,696.0,148,1,2357,2025-06-17
2025-06-17 12:43:12.201176,696.0,1,695.0,118,696.0,147,1,2357,2025-06-17
2025-06-17 12:43:17.952060,696.0,1,695.0,118,696.0,146,1,2357,2025-06-17
2025-06-17 12:43:18.186852,695.0,1,695.0,117,696.0,146,2,2357,2025-06-17
2025-06-17 12:43:36.220616,695.0,1,695.0,119,696.0,145,2,2357,2025-06-17
2025-06-17 12:43:44.262116,696.0,2,695.0,119,696.0,144,1,2357,2025-06-17
2025-06-17 12:44:01.204681,696.0,1,695.0,120,696.0,143,1,2357,2025-06-17
2025-06-17 12:44:02.052340,696.0,1,695.0,120,696.0,142,1,2357,2025-06-17
2025-06-17 12:44:02.803658,695.0,1,695.0,119,696.0,142,2,2357,2025-06-17
2025-06-17 12:44:09.977744,695.0,1,695.0,118,696.0,144,2,2357,2025-06-17
2025-06-17 12:44:10.583527,695.0,1,695.0,117,696.0,144,2,2357,2025-06-17
2025-06-17 12:44:31.938206,695.0,1,695.0,129,696.0,151,2,2357,2025-06-17
