ts,close,volume,bid_price,bid_volume,ask_price,ask_volume,tick_type,code,date
2025-06-16 09:00:04.795698,681.0,23,680.0,2,682.0,1,2,2357,2025-06-16
2025-06-16 09:00:04.930648,680.0,2,679.0,5,680.0,1,2,2357,2025-06-16
2025-06-16 09:00:04.971199,680.0,1,679.0,5,680.0,1,1,2357,2025-06-16
2025-06-16 09:00:05.261398,680.0,1,679.0,5,682.0,1,2,2357,2025-06-16
2025-06-16 09:00:09.490641,680.0,1,679.0,7,682.0,1,1,2357,2025-06-16
2025-06-16 09:00:21.586392,680.0,1,679.0,7,680.0,3,1,2357,2025-06-16
2025-06-16 09:00:24.182717,680.0,1,679.0,7,680.0,2,1,2357,2025-06-16
2025-06-16 09:00:28.745991,680.0,1,679.0,9,680.0,1,1,2357,2025-06-16
2025-06-16 09:00:31.659517,680.0,1,679.0,10,682.0,3,1,2357,2025-06-16
2025-06-16 09:00:31.726116,679.0,2,679.0,8,682.0,3,2,2357,2025-06-16
2025-06-16 09:01:16.502702,680.0,1,680.0,3,682.0,14,2,2357,2025-06-16
2025-06-16 09:01:16.504664,680.0,1,680.0,2,682.0,14,2,2357,2025-06-16
2025-06-16 09:01:16.536464,680.0,1,680.0,1,682.0,14,2,2357,2025-06-16
2025-06-16 09:01:16.604640,680.0,1,679.0,6,682.0,15,2,2357,2025-06-16
2025-06-16 09:01:21.584485,680.0,1,679.0,4,681.0,16,2,2357,2025-06-16
2025-06-16 09:01:23.400007,680.0,1,679.0,4,681.0,16,2,2357,2025-06-16
2025-06-16 09:01:33.738527,679.0,1,679.0,3,681.0,16,2,2357,2025-06-16
2025-06-16 09:01:36.355034,679.0,3,678.0,17,680.0,20,2,2357,2025-06-16
2025-06-16 09:01:36.390459,678.0,1,678.0,16,679.0,1,2,2357,2025-06-16
2025-06-16 09:01:36.423454,678.0,11,678.0,5,679.0,1,2,2357,2025-06-16
2025-06-16 09:01:37.952491,678.0,1,678.0,4,679.0,5,2,2357,2025-06-16
2025-06-16 09:01:37.991020,678.0,4,678.0,5,679.0,5,2,2357,2025-06-16
2025-06-16 09:01:48.260840,677.0,1,677.0,3,678.0,1,2,2357,2025-06-16
2025-06-16 09:01:56.718629,677.0,1,677.0,5,678.0,2,2,2357,2025-06-16
2025-06-16 09:01:59.019799,677.0,1,677.0,4,678.0,2,2,2357,2025-06-16
2025-06-16 09:02:04.435853,677.0,1,677.0,5,678.0,5,2,2357,2025-06-16
2025-06-16 09:02:12.365925,677.0,1,677.0,4,678.0,6,2,2357,2025-06-16
2025-06-16 09:02:13.347325,677.0,4,676.0,10,678.0,6,2,2357,2025-06-16
2025-06-16 09:02:16.299913,678.0,5,677.0,12,679.0,13,1,2357,2025-06-16
2025-06-16 09:02:29.512104,679.0,5,677.0,16,679.0,4,1,2357,2025-06-16
2025-06-16 09:02:29.533436,679.0,4,678.0,1,679.0,1,1,2357,2025-06-16
2025-06-16 09:02:29.555873,679.0,1,678.0,2,680.0,23,1,2357,2025-06-16
2025-06-16 09:02:36.560521,680.0,21,679.0,7,681.0,4,1,2357,2025-06-16
2025-06-16 09:02:46.969280,680.0,2,680.0,17,681.0,2,2,2357,2025-06-16
2025-06-16 09:02:53.411203,681.0,2,680.0,16,682.0,4,1,2357,2025-06-16
2025-06-16 09:02:53.832519,680.0,1,680.0,15,682.0,6,2,2357,2025-06-16
2025-06-16 09:02:59.805283,682.0,1,681.0,1,682.0,5,1,2357,2025-06-16
2025-06-16 09:02:59.855257,682.0,1,681.0,1,682.0,4,1,2357,2025-06-16
2025-06-16 09:02:59.856999,682.0,1,681.0,1,682.0,3,1,2357,2025-06-16
2025-06-16 09:03:01.953744,682.0,3,681.0,5,683.0,15,1,2357,2025-06-16
2025-06-16 09:03:03.463559,681.0,1,681.0,5,683.0,16,2,2357,2025-06-16
2025-06-16 09:03:19.439376,681.0,3,681.0,4,683.0,18,2,2357,2025-06-16
2025-06-16 09:03:52.792700,681.0,1,681.0,7,682.0,3,2,2357,2025-06-16
2025-06-16 09:04:05.945926,681.0,1,681.0,6,682.0,4,2,2357,2025-06-16
2025-06-16 09:04:08.487659,682.0,1,681.0,6,682.0,4,1,2357,2025-06-16
2025-06-16 09:04:57.962873,681.0,1,681.0,3,682.0,15,2,2357,2025-06-16
2025-06-16 09:05:10.369953,681.0,1,681.0,2,682.0,17,2,2357,2025-06-16
2025-06-16 09:05:20.663467,681.0,1,681.0,1,682.0,17,2,2357,2025-06-16
2025-06-16 09:05:23.123361,681.0,1,680.0,9,682.0,17,2,2357,2025-06-16
2025-06-16 09:05:23.848276,680.0,2,679.0,4,681.0,1,2,2357,2025-06-16
2025-06-16 09:05:23.848276,679.0,3,679.0,4,681.0,1,2,2357,2025-06-16
2025-06-16 09:05:23.908408,679.0,4,679.0,8,681.0,8,2,2357,2025-06-16
2025-06-16 09:05:44.487965,680.0,1,679.0,11,681.0,6,1,2357,2025-06-16
2025-06-16 09:05:58.547602,680.0,2,679.0,12,681.0,16,1,2357,2025-06-16
2025-06-16 09:05:58.593482,680.0,1,679.0,13,681.0,15,2,2357,2025-06-16
2025-06-16 09:05:59.763175,680.0,1,679.0,12,681.0,15,1,2357,2025-06-16
2025-06-16 09:06:07.421131,679.0,1,679.0,11,681.0,15,2,2357,2025-06-16
2025-06-16 09:06:37.911602,680.0,1,679.0,11,681.0,15,1,2357,2025-06-16
2025-06-16 09:06:38.225851,680.0,1,679.0,11,681.0,15,1,2357,2025-06-16
2025-06-16 09:06:45.200587,680.0,1,679.0,10,681.0,15,1,2357,2025-06-16
2025-06-16 09:07:13.226501,681.0,14,680.0,6,682.0,6,1,2357,2025-06-16
2025-06-16 09:07:13.294025,682.0,5,680.0,10,683.0,16,1,2357,2025-06-16
2025-06-16 09:07:29.668475,682.0,1,681.0,12,683.0,15,1,2357,2025-06-16
2025-06-16 09:08:10.432129,682.0,2,681.0,1,683.0,21,2,2357,2025-06-16
2025-06-16 09:08:33.462002,682.0,1,681.0,4,683.0,21,1,2357,2025-06-16
2025-06-16 09:09:06.932415,683.0,1,682.0,1,683.0,18,1,2357,2025-06-16
2025-06-16 09:09:07.416481,682.0,1,681.0,6,683.0,18,2,2357,2025-06-16
2025-06-16 09:09:16.036104,683.0,1,681.0,12,683.0,17,1,2357,2025-06-16
2025-06-16 09:09:16.067312,683.0,17,681.0,12,684.0,26,1,2357,2025-06-16
2025-06-16 09:09:34.593537,683.0,1,682.0,5,684.0,27,2,2357,2025-06-16
2025-06-16 09:09:35.460356,683.0,1,682.0,2,684.0,27,2,2357,2025-06-16
2025-06-16 09:09:59.722337,683.0,1,682.0,2,684.0,26,1,2357,2025-06-16
2025-06-16 09:10:04.700891,682.0,8,681.0,13,684.0,26,2,2357,2025-06-16
2025-06-16 09:10:13.589324,681.0,1,681.0,17,684.0,28,2,2357,2025-06-16
2025-06-16 09:10:17.397380,683.0,1,683.0,1,684.0,29,2,2357,2025-06-16
2025-06-16 09:10:27.346830,683.0,3,682.0,1,683.0,3,1,2357,2025-06-16
2025-06-16 09:10:27.560638,683.0,1,682.0,6,684.0,27,2,2357,2025-06-16
2025-06-16 09:10:32.853681,684.0,1,683.0,5,684.0,27,1,2357,2025-06-16
2025-06-16 09:10:37.661699,684.0,5,683.0,5,684.0,22,1,2357,2025-06-16
2025-06-16 09:10:38.646419,684.0,1,683.0,5,684.0,21,1,2357,2025-06-16
2025-06-16 09:10:38.675070,684.0,21,683.0,5,685.0,15,1,2357,2025-06-16
2025-06-16 09:10:54.054158,685.0,8,684.0,11,685.0,7,1,2357,2025-06-16
2025-06-16 09:10:54.086228,685.0,3,684.0,12,685.0,4,1,2357,2025-06-16
2025-06-16 09:10:54.129226,684.0,15,684.0,19,685.0,4,2,2357,2025-06-16
2025-06-16 09:11:06.554116,684.0,2,684.0,2,685.0,5,2,2357,2025-06-16
2025-06-16 09:11:12.760103,684.0,1,684.0,5,685.0,6,2,2357,2025-06-16
2025-06-16 09:11:18.531857,685.0,1,684.0,1,685.0,8,1,2357,2025-06-16
2025-06-16 09:11:29.522707,684.0,15,684.0,2,685.0,7,2,2357,2025-06-16
2025-06-16 09:11:29.548133,684.0,2,683.0,14,685.0,7,2,2357,2025-06-16
2025-06-16 09:11:30.446778,683.0,1,683.0,11,685.0,8,2,2357,2025-06-16
2025-06-16 09:11:48.707279,685.0,1,683.0,19,685.0,7,1,2357,2025-06-16
2025-06-16 09:11:54.180152,684.0,1,683.0,19,685.0,7,1,2357,2025-06-16
2025-06-16 09:11:54.188642,683.0,17,683.0,1,685.0,7,2,2357,2025-06-16
2025-06-16 09:11:54.354409,683.0,1,683.0,1,685.0,11,2,2357,2025-06-16
2025-06-16 09:13:03.818577,684.0,1,683.0,8,684.0,3,1,2357,2025-06-16
2025-06-16 09:13:04.462494,684.0,1,683.0,8,684.0,2,1,2357,2025-06-16
2025-06-16 09:13:04.571713,684.0,1,683.0,8,684.0,1,1,2357,2025-06-16
2025-06-16 09:13:04.580904,684.0,1,683.0,8,685.0,11,1,2357,2025-06-16
2025-06-16 09:13:09.517500,684.0,1,683.0,14,685.0,9,1,2357,2025-06-16
2025-06-16 09:14:16.586744,684.0,2,684.0,1,685.0,17,2,2357,2025-06-16
2025-06-16 09:14:16.945816,684.0,1,683.0,11,685.0,20,2,2357,2025-06-16
2025-06-16 09:14:20.424421,684.0,1,683.0,7,684.0,3,1,2357,2025-06-16
2025-06-16 09:14:56.464578,684.0,1,683.0,7,684.0,2,1,2357,2025-06-16
2025-06-16 09:15:06.960206,683.0,1,683.0,8,684.0,2,2,2357,2025-06-16
2025-06-16 09:15:19.761870,683.0,5,683.0,3,684.0,2,2,2357,2025-06-16
2025-06-16 09:15:36.222673,684.0,1,683.0,3,684.0,1,1,2357,2025-06-16
2025-06-16 09:15:36.823730,683.0,2,683.0,1,684.0,1,2,2357,2025-06-16
2025-06-16 09:15:40.238431,683.0,1,682.0,14,683.0,4,2,2357,2025-06-16
2025-06-16 09:15:42.302995,682.0,1,682.0,11,683.0,4,2,2357,2025-06-16
2025-06-16 09:15:53.090788,683.0,5,682.0,9,684.0,5,1,2357,2025-06-16
2025-06-16 09:16:52.031722,683.0,1,682.0,9,683.0,3,1,2357,2025-06-16
2025-06-16 09:16:58.278300,682.0,1,682.0,8,683.0,3,2,2357,2025-06-16
2025-06-16 09:16:59.804917,683.0,3,683.0,2,684.0,4,1,2357,2025-06-16
2025-06-16 09:18:08.815553,684.0,1,683.0,7,684.0,3,1,2357,2025-06-16
2025-06-16 09:18:10.972425,684.0,1,683.0,7,684.0,2,1,2357,2025-06-16
2025-06-16 09:18:30.900324,684.0,2,684.0,3,685.0,15,1,2357,2025-06-16
2025-06-16 09:18:32.004805,684.0,1,684.0,3,685.0,15,2,2357,2025-06-16
2025-06-16 09:19:24.630417,685.0,1,684.0,4,685.0,16,1,2357,2025-06-16
2025-06-16 09:19:35.466685,685.0,1,684.0,4,685.0,15,1,2357,2025-06-16
2025-06-16 09:19:47.902969,685.0,1,684.0,4,685.0,14,1,2357,2025-06-16
2025-06-16 09:19:59.621345,684.0,1,684.0,4,685.0,14,2,2357,2025-06-16
2025-06-16 09:20:40.454583,685.0,1,684.0,7,685.0,13,1,2357,2025-06-16
2025-06-16 09:21:03.515353,685.0,1,684.0,7,685.0,12,1,2357,2025-06-16
2025-06-16 09:21:26.477804,685.0,1,684.0,7,685.0,18,1,2357,2025-06-16
2025-06-16 09:21:45.548385,684.0,3,684.0,6,685.0,20,2,2357,2025-06-16
2025-06-16 09:21:45.577246,684.0,2,684.0,4,685.0,20,2,2357,2025-06-16
2025-06-16 09:21:49.698310,685.0,1,684.0,5,685.0,20,1,2357,2025-06-16
2025-06-16 09:21:56.301180,685.0,1,684.0,7,685.0,20,1,2357,2025-06-16
2025-06-16 09:22:00.069634,685.0,1,684.0,7,685.0,19,1,2357,2025-06-16
2025-06-16 09:22:00.086022,685.0,16,684.0,8,685.0,3,1,2357,2025-06-16
2025-06-16 09:22:00.096640,685.0,1,684.0,12,685.0,1,1,2357,2025-06-16
2025-06-16 09:22:00.096742,685.0,1,684.0,12,686.0,29,1,2357,2025-06-16
2025-06-16 09:22:23.129134,686.0,1,685.0,8,686.0,29,1,2357,2025-06-16
2025-06-16 09:22:35.908335,685.0,2,685.0,9,686.0,29,2,2357,2025-06-16
2025-06-16 09:22:50.003312,686.0,2,685.0,8,686.0,26,1,2357,2025-06-16
2025-06-16 09:23:11.867202,686.0,1,685.0,9,686.0,28,1,2357,2025-06-16
2025-06-16 09:23:33.302154,686.0,1,685.0,6,686.0,28,1,2357,2025-06-16
2025-06-16 09:23:40.141870,686.0,2,685.0,6,686.0,27,1,2357,2025-06-16
2025-06-16 09:24:14.468831,686.0,1,685.0,3,686.0,26,1,2357,2025-06-16
2025-06-16 09:24:28.557747,686.0,1,685.0,3,686.0,26,1,2357,2025-06-16
2025-06-16 09:24:31.400627,685.0,1,685.0,2,686.0,26,2,2357,2025-06-16
2025-06-16 09:24:40.403688,685.0,1,685.0,1,686.0,26,2,2357,2025-06-16
2025-06-16 09:24:43.804561,685.0,1,684.0,6,686.0,27,2,2357,2025-06-16
2025-06-16 09:24:52.851208,684.0,1,684.0,4,686.0,28,2,2357,2025-06-16
2025-06-16 09:25:00.250818,685.0,1,684.0,4,686.0,28,2,2357,2025-06-16
2025-06-16 09:25:09.471106,685.0,1,684.0,2,685.0,3,1,2357,2025-06-16
2025-06-16 09:25:22.971900,685.0,1,684.0,10,685.0,1,1,2357,2025-06-16
2025-06-16 09:25:44.377988,685.0,1,684.0,11,685.0,1,1,2357,2025-06-16
2025-06-16 09:25:48.533110,685.0,2,684.0,12,686.0,25,1,2357,2025-06-16
2025-06-16 09:25:52.378058,685.0,1,684.0,14,686.0,25,1,2357,2025-06-16
2025-06-16 09:25:57.301619,686.0,1,684.0,15,686.0,24,1,2357,2025-06-16
2025-06-16 09:26:05.471800,686.0,1,685.0,8,686.0,22,1,2357,2025-06-16
2025-06-16 09:26:05.579042,686.0,9,685.0,9,686.0,13,1,2357,2025-06-16
2025-06-16 09:26:05.617484,686.0,13,685.0,10,687.0,12,1,2357,2025-06-16
2025-06-16 09:26:06.982440,687.0,3,686.0,4,687.0,9,1,2357,2025-06-16
2025-06-16 09:26:09.024552,686.0,1,686.0,3,687.0,12,2,2357,2025-06-16
2025-06-16 09:26:24.188441,686.0,2,686.0,4,687.0,11,2,2357,2025-06-16
2025-06-16 09:26:34.677139,687.0,1,686.0,4,687.0,10,1,2357,2025-06-16
2025-06-16 09:26:54.574466,686.0,1,686.0,4,687.0,11,2,2357,2025-06-16
2025-06-16 09:27:00.188057,687.0,1,686.0,4,687.0,9,1,2357,2025-06-16
2025-06-16 09:27:11.856690,687.0,1,686.0,5,687.0,9,1,2357,2025-06-16
2025-06-16 09:27:29.857426,687.0,1,686.0,5,687.0,9,1,2357,2025-06-16
2025-06-16 09:27:48.826311,686.0,3,686.0,2,687.0,14,2,2357,2025-06-16
2025-06-16 09:27:49.055629,686.0,2,685.0,12,687.0,15,2,2357,2025-06-16
2025-06-16 09:27:49.950700,685.0,1,685.0,6,686.0,1,2,2357,2025-06-16
2025-06-16 09:28:15.998244,686.0,1,685.0,4,686.0,2,1,2357,2025-06-16
2025-06-16 09:28:23.296114,686.0,1,685.0,5,686.0,1,1,2357,2025-06-16
2025-06-16 09:28:23.351603,686.0,1,685.0,6,687.0,16,1,2357,2025-06-16
2025-06-16 09:28:53.467308,686.0,1,685.0,6,686.0,4,1,2357,2025-06-16
2025-06-16 09:29:03.928918,685.0,1,685.0,5,686.0,4,2,2357,2025-06-16
2025-06-16 09:29:31.809623,686.0,1,685.0,4,686.0,6,1,2357,2025-06-16
2025-06-16 09:29:45.298335,685.0,1,685.0,3,686.0,10,2,2357,2025-06-16
2025-06-16 09:29:45.323268,685.0,1,685.0,2,686.0,11,2,2357,2025-06-16
2025-06-16 09:29:45.345778,685.0,2,684.0,13,686.0,13,2,2357,2025-06-16
2025-06-16 09:29:48.468085,685.0,1,684.0,11,686.0,15,1,2357,2025-06-16
2025-06-16 09:30:38.377744,685.0,1,684.0,11,685.0,5,1,2357,2025-06-16
2025-06-16 09:30:47.641321,685.0,1,684.0,11,685.0,4,1,2357,2025-06-16
2025-06-16 09:30:49.297496,685.0,1,684.0,11,685.0,3,1,2357,2025-06-16
2025-06-16 09:31:09.287917,685.0,1,684.0,12,685.0,3,1,2357,2025-06-16
2025-06-16 09:31:09.288257,685.0,1,684.0,12,685.0,2,1,2357,2025-06-16
2025-06-16 09:31:12.926461,685.0,1,684.0,12,685.0,2,1,2357,2025-06-16
2025-06-16 09:31:40.466656,685.0,1,684.0,12,685.0,4,1,2357,2025-06-16
2025-06-16 09:32:03.613530,684.0,4,684.0,8,685.0,8,2,2357,2025-06-16
2025-06-16 09:32:04.464693,685.0,1,684.0,8,685.0,9,1,2357,2025-06-16
2025-06-16 09:32:12.239679,685.0,1,684.0,8,685.0,6,1,2357,2025-06-16
2025-06-16 09:32:33.739246,685.0,1,684.0,8,685.0,5,1,2357,2025-06-16
2025-06-16 09:32:36.470790,685.0,1,684.0,8,685.0,4,1,2357,2025-06-16
2025-06-16 09:33:14.290783,685.0,1,684.0,8,685.0,5,1,2357,2025-06-16
2025-06-16 09:33:20.349788,685.0,1,684.0,8,685.0,4,1,2357,2025-06-16
2025-06-16 09:33:46.812648,685.0,2,684.0,10,685.0,2,1,2357,2025-06-16
2025-06-16 09:34:27.465365,685.0,1,684.0,12,685.0,2,1,2357,2025-06-16
2025-06-16 09:34:36.129221,685.0,1,684.0,12,685.0,1,1,2357,2025-06-16
2025-06-16 09:34:39.304175,685.0,1,684.0,12,686.0,15,1,2357,2025-06-16
2025-06-16 09:35:23.499350,685.0,1,684.0,12,686.0,18,2,2357,2025-06-16
2025-06-16 09:35:24.347003,684.0,1,684.0,11,686.0,20,2,2357,2025-06-16
2025-06-16 09:35:24.394187,684.0,11,683.0,12,685.0,1,2,2357,2025-06-16
2025-06-16 09:35:25.347057,683.0,1,683.0,12,684.0,2,2,2357,2025-06-16
2025-06-16 09:35:40.292917,684.0,1,683.0,12,684.0,5,1,2357,2025-06-16
2025-06-16 09:35:43.901687,684.0,1,683.0,11,684.0,4,1,2357,2025-06-16
2025-06-16 09:35:52.001846,684.0,1,683.0,12,684.0,2,1,2357,2025-06-16
2025-06-16 09:36:17.140150,684.0,1,683.0,12,684.0,3,1,2357,2025-06-16
2025-06-16 09:36:19.469491,684.0,1,683.0,12,684.0,2,1,2357,2025-06-16
2025-06-16 09:37:07.885630,684.0,1,683.0,13,684.0,3,1,2357,2025-06-16
2025-06-16 09:37:33.115546,683.0,3,683.0,10,684.0,8,2,2357,2025-06-16
2025-06-16 09:37:33.145870,683.0,10,682.0,9,684.0,8,2,2357,2025-06-16
2025-06-16 09:38:06.298295,683.0,1,682.0,12,683.0,4,1,2357,2025-06-16
2025-06-16 09:38:10.469098,683.0,1,682.0,12,683.0,4,1,2357,2025-06-16
2025-06-16 09:38:21.551122,683.0,1,682.0,12,683.0,5,1,2357,2025-06-16
2025-06-16 09:38:23.827570,683.0,1,682.0,12,683.0,4,1,2357,2025-06-16
2025-06-16 09:39:06.463080,683.0,1,682.0,14,683.0,4,1,2357,2025-06-16
2025-06-16 09:39:10.882224,683.0,1,682.0,14,683.0,3,1,2357,2025-06-16
2025-06-16 09:39:12.399939,683.0,1,682.0,14,683.0,3,1,2357,2025-06-16
2025-06-16 09:39:31.439997,682.0,1,682.0,14,683.0,4,2,2357,2025-06-16
2025-06-16 09:39:39.691891,683.0,1,682.0,13,683.0,7,1,2357,2025-06-16
2025-06-16 09:39:47.197051,682.0,11,682.0,2,683.0,7,2,2357,2025-06-16
2025-06-16 09:39:47.225444,682.0,2,681.0,9,683.0,14,2,2357,2025-06-16
2025-06-16 09:40:18.514809,683.0,1,681.0,13,683.0,5,1,2357,2025-06-16
2025-06-16 09:40:18.515133,683.0,1,681.0,13,683.0,4,1,2357,2025-06-16
2025-06-16 09:40:26.194496,683.0,1,682.0,2,683.0,2,1,2357,2025-06-16
2025-06-16 09:40:32.298419,683.0,1,682.0,2,683.0,1,1,2357,2025-06-16
2025-06-16 09:40:56.447497,683.0,1,682.0,3,684.0,11,1,2357,2025-06-16
2025-06-16 09:40:58.496905,683.0,1,682.0,5,684.0,9,2,2357,2025-06-16
2025-06-16 09:41:52.845981,682.0,6,681.0,12,683.0,1,2,2357,2025-06-16
2025-06-16 09:41:53.499474,682.0,1,681.0,11,683.0,10,2,2357,2025-06-16
2025-06-16 09:42:12.232015,682.0,1,681.0,12,683.0,13,1,2357,2025-06-16
2025-06-16 09:42:25.255018,682.0,1,681.0,12,683.0,11,2,2357,2025-06-16
2025-06-16 09:42:25.547295,681.0,1,681.0,11,683.0,11,2,2357,2025-06-16
2025-06-16 09:42:42.664478,681.0,2,681.0,5,682.0,9,2,2357,2025-06-16
2025-06-16 09:42:57.302963,682.0,1,681.0,6,682.0,9,1,2357,2025-06-16
2025-06-16 09:43:27.960138,682.0,1,681.0,6,682.0,10,1,2357,2025-06-16
2025-06-16 09:44:13.393165,681.0,1,681.0,5,682.0,10,2,2357,2025-06-16
2025-06-16 09:44:24.744619,681.0,1,681.0,5,682.0,10,2,2357,2025-06-16
2025-06-16 09:44:25.342497,681.0,1,681.0,4,682.0,10,2,2357,2025-06-16
2025-06-16 09:44:29.093088,681.0,2,681.0,2,682.0,10,2,2357,2025-06-16
2025-06-16 09:44:29.398306,681.0,2,680.0,13,682.0,10,2,2357,2025-06-16
2025-06-16 09:44:34.258947,682.0,1,680.0,13,682.0,16,1,2357,2025-06-16
2025-06-16 09:44:41.464873,682.0,1,680.0,13,682.0,13,1,2357,2025-06-16
2025-06-16 09:44:43.685455,682.0,1,680.0,13,682.0,12,1,2357,2025-06-16
2025-06-16 09:44:53.126065,682.0,1,681.0,4,682.0,6,1,2357,2025-06-16
2025-06-16 09:44:57.174710,681.0,1,681.0,3,682.0,6,2,2357,2025-06-16
2025-06-16 09:45:23.303227,682.0,1,680.0,15,682.0,7,1,2357,2025-06-16
2025-06-16 09:45:37.475206,682.0,1,680.0,19,682.0,6,1,2357,2025-06-16
2025-06-16 09:45:59.430590,682.0,1,681.0,1,682.0,6,1,2357,2025-06-16
2025-06-16 09:47:00.075070,681.0,2,680.0,16,682.0,11,2,2357,2025-06-16
2025-06-16 09:47:00.692217,682.0,1,680.0,13,682.0,17,1,2357,2025-06-16
2025-06-16 09:47:16.174709,682.0,1,680.0,20,682.0,10,1,2357,2025-06-16
2025-06-16 09:47:28.472641,682.0,1,680.0,20,682.0,9,1,2357,2025-06-16
2025-06-16 09:47:49.293776,681.0,1,680.0,20,681.0,4,1,2357,2025-06-16
2025-06-16 09:47:49.314949,681.0,4,680.0,20,682.0,7,1,2357,2025-06-16
2025-06-16 09:47:50.516504,682.0,4,680.0,26,682.0,1,1,2357,2025-06-16
2025-06-16 09:48:24.471486,682.0,1,681.0,4,682.0,6,1,2357,2025-06-16
2025-06-16 09:48:32.048199,682.0,1,681.0,5,682.0,4,1,2357,2025-06-16
2025-06-16 09:48:42.317072,682.0,1,681.0,5,682.0,3,1,2357,2025-06-16
2025-06-16 09:48:43.789709,681.0,6,680.0,19,682.0,3,2,2357,2025-06-16
2025-06-16 09:48:43.789709,680.0,4,680.0,19,682.0,3,2,2357,2025-06-16
2025-06-16 09:49:15.200566,681.0,1,681.0,2,682.0,4,2,2357,2025-06-16
2025-06-16 09:49:27.745352,682.0,1,681.0,1,682.0,4,1,2357,2025-06-16
2025-06-16 09:49:27.745927,682.0,1,681.0,1,682.0,3,1,2357,2025-06-16
2025-06-16 09:49:27.798089,682.0,2,681.0,5,683.0,4,1,2357,2025-06-16
2025-06-16 09:49:47.829209,683.0,1,681.0,12,683.0,5,1,2357,2025-06-16
2025-06-16 09:50:15.295775,683.0,1,681.0,8,683.0,12,1,2357,2025-06-16
2025-06-16 09:51:03.682765,683.0,1,682.0,1,683.0,12,1,2357,2025-06-16
2025-06-16 09:51:11.465571,683.0,1,682.0,1,683.0,11,1,2357,2025-06-16
2025-06-16 09:52:07.471734,683.0,1,682.0,1,683.0,12,1,2357,2025-06-16
2025-06-16 09:52:19.520558,683.0,1,682.0,2,683.0,8,1,2357,2025-06-16
2025-06-16 09:52:26.660982,683.0,1,682.0,4,683.0,5,1,2357,2025-06-16
2025-06-16 09:52:40.287517,683.0,1,682.0,4,683.0,4,1,2357,2025-06-16
2025-06-16 09:52:51.376418,683.0,1,682.0,4,683.0,4,1,2357,2025-06-16
2025-06-16 09:53:03.469673,683.0,1,682.0,6,683.0,3,1,2357,2025-06-16
2025-06-16 09:53:35.435619,683.0,1,682.0,3,683.0,9,1,2357,2025-06-16
2025-06-16 09:54:02.362115,683.0,1,682.0,7,683.0,9,1,2357,2025-06-16
2025-06-16 09:54:10.747095,682.0,1,682.0,7,683.0,9,2,2357,2025-06-16
2025-06-16 09:54:12.218223,682.0,1,682.0,7,683.0,9,2,2357,2025-06-16
2025-06-16 09:54:20.717849,683.0,2,682.0,7,683.0,8,1,2357,2025-06-16
2025-06-16 09:54:51.247857,683.0,1,682.0,9,683.0,9,1,2357,2025-06-16
2025-06-16 09:54:54.470126,683.0,1,682.0,9,683.0,8,1,2357,2025-06-16
2025-06-16 09:55:04.655190,683.0,1,682.0,8,683.0,7,1,2357,2025-06-16
2025-06-16 09:55:06.303678,683.0,1,682.0,8,683.0,7,1,2357,2025-06-16
2025-06-16 09:55:18.360094,683.0,2,682.0,8,683.0,5,1,2357,2025-06-16
2025-06-16 09:55:24.663669,683.0,1,682.0,8,683.0,4,1,2357,2025-06-16
2025-06-16 09:55:36.419259,683.0,4,682.0,10,684.0,11,1,2357,2025-06-16
2025-06-16 09:56:08.142899,684.0,1,683.0,6,684.0,8,1,2357,2025-06-16
2025-06-16 09:56:47.470464,684.0,1,683.0,7,684.0,8,1,2357,2025-06-16
2025-06-16 09:56:59.424708,684.0,1,683.0,7,684.0,7,1,2357,2025-06-16
2025-06-16 09:57:18.267385,684.0,2,683.0,5,684.0,8,1,2357,2025-06-16
2025-06-16 09:57:23.932369,684.0,1,683.0,8,684.0,7,1,2357,2025-06-16
2025-06-16 09:57:32.296818,684.0,1,683.0,8,684.0,6,1,2357,2025-06-16
2025-06-16 09:57:42.470292,684.0,1,683.0,9,684.0,5,1,2357,2025-06-16
2025-06-16 09:58:08.655187,684.0,1,683.0,9,684.0,4,1,2357,2025-06-16
2025-06-16 09:58:36.980727,684.0,1,683.0,8,684.0,3,1,2357,2025-06-16
2025-06-16 09:58:36.981529,684.0,1,683.0,8,684.0,2,1,2357,2025-06-16
2025-06-16 09:58:38.463165,684.0,1,683.0,8,684.0,1,1,2357,2025-06-16
2025-06-16 09:58:39.750714,684.0,1,683.0,8,685.0,12,1,2357,2025-06-16
2025-06-16 09:59:33.467338,684.0,1,683.0,8,684.0,1,1,2357,2025-06-16
2025-06-16 09:59:55.552773,684.0,1,683.0,8,685.0,16,1,2357,2025-06-16
2025-06-16 09:59:58.307042,684.0,1,683.0,8,685.0,17,1,2357,2025-06-16
2025-06-16 10:00:49.404329,683.0,6,683.0,3,684.0,9,2,2357,2025-06-16
2025-06-16 10:00:49.435829,683.0,3,682.0,8,684.0,13,2,2357,2025-06-16
2025-06-16 10:00:50.683145,683.0,1,682.0,8,684.0,15,1,2357,2025-06-16
2025-06-16 10:01:07.473516,684.0,1,682.0,8,684.0,14,1,2357,2025-06-16
2025-06-16 10:01:11.362139,684.0,1,682.0,14,684.0,8,1,2357,2025-06-16
2025-06-16 10:01:13.655814,684.0,1,682.0,16,684.0,7,1,2357,2025-06-16
2025-06-16 10:01:25.472537,684.0,1,682.0,21,684.0,5,1,2357,2025-06-16
2025-06-16 10:02:21.468569,684.0,1,683.0,8,684.0,5,1,2357,2025-06-16
2025-06-16 10:02:23.303020,684.0,1,683.0,8,684.0,3,1,2357,2025-06-16
2025-06-16 10:02:27.191880,684.0,1,683.0,8,684.0,2,1,2357,2025-06-16
2025-06-16 10:03:11.587593,684.0,1,683.0,9,684.0,2,1,2357,2025-06-16
2025-06-16 10:03:44.024457,684.0,1,683.0,9,684.0,4,1,2357,2025-06-16
2025-06-16 10:03:56.748541,683.0,1,683.0,10,684.0,4,2,2357,2025-06-16
2025-06-16 10:04:17.656165,684.0,1,683.0,10,684.0,3,1,2357,2025-06-16
2025-06-16 10:04:42.916432,683.0,1,683.0,9,684.0,14,2,2357,2025-06-16
2025-06-16 10:04:49.295831,684.0,1,683.0,9,684.0,13,1,2357,2025-06-16
2025-06-16 10:04:59.787607,684.0,1,683.0,9,684.0,12,1,2357,2025-06-16
2025-06-16 10:05:08.461823,684.0,1,683.0,9,684.0,11,1,2357,2025-06-16
2025-06-16 10:05:16.523534,684.0,1,683.0,10,684.0,11,1,2357,2025-06-16
2025-06-16 10:05:52.637792,683.0,5,683.0,6,684.0,13,2,2357,2025-06-16
2025-06-16 10:05:52.663678,683.0,2,683.0,4,684.0,13,2,2357,2025-06-16
2025-06-16 10:06:00.725684,683.0,1,683.0,3,684.0,16,2,2357,2025-06-16
2025-06-16 10:06:07.342032,683.0,1,683.0,3,684.0,15,2,2357,2025-06-16
2025-06-16 10:06:15.577741,684.0,1,683.0,3,684.0,14,1,2357,2025-06-16
2025-06-16 10:06:38.265025,683.0,3,682.0,10,684.0,18,2,2357,2025-06-16
2025-06-16 10:07:15.293557,683.0,1,682.0,5,683.0,13,1,2357,2025-06-16
2025-06-16 10:07:21.661697,683.0,1,682.0,5,683.0,12,1,2357,2025-06-16
2025-06-16 10:07:31.409380,683.0,1,682.0,5,683.0,12,1,2357,2025-06-16
2025-06-16 10:07:36.178856,682.0,5,681.0,6,683.0,7,2,2357,2025-06-16
2025-06-16 10:07:46.209294,683.0,1,681.0,9,683.0,8,1,2357,2025-06-16
2025-06-16 10:07:46.209842,683.0,1,681.0,9,683.0,7,1,2357,2025-06-16
2025-06-16 10:07:55.468934,683.0,1,681.0,10,683.0,13,1,2357,2025-06-16
2025-06-16 10:08:07.078272,683.0,1,681.0,10,683.0,12,1,2357,2025-06-16
2025-06-16 10:08:12.883923,681.0,5,680.0,13,681.0,1,2,2357,2025-06-16
2025-06-16 10:08:12.911472,681.0,1,680.0,15,682.0,3,1,2357,2025-06-16
2025-06-16 10:08:39.937382,681.0,5,681.0,1,682.0,6,2,2357,2025-06-16
2025-06-16 10:08:47.198587,682.0,1,681.0,1,682.0,6,1,2357,2025-06-16
2025-06-16 10:08:51.476538,682.0,1,681.0,1,682.0,5,1,2357,2025-06-16
2025-06-16 10:09:01.689329,681.0,1,681.0,1,682.0,5,2,2357,2025-06-16
2025-06-16 10:09:19.656361,681.0,1,681.0,2,682.0,10,2,2357,2025-06-16
2025-06-16 10:09:24.569507,682.0,1,681.0,2,682.0,9,1,2357,2025-06-16
2025-06-16 10:09:29.589601,682.0,1,681.0,2,682.0,8,1,2357,2025-06-16
2025-06-16 10:09:41.291211,682.0,1,681.0,3,682.0,8,1,2357,2025-06-16
2025-06-16 10:10:03.046994,682.0,1,681.0,3,682.0,7,1,2357,2025-06-16
2025-06-16 10:10:06.108393,682.0,6,681.0,14,683.0,16,1,2357,2025-06-16
2025-06-16 10:11:03.081774,683.0,1,682.0,9,683.0,14,1,2357,2025-06-16
2025-06-16 10:11:19.854534,683.0,1,682.0,9,683.0,13,1,2357,2025-06-16
2025-06-16 10:11:39.453243,683.0,1,682.0,10,683.0,12,1,2357,2025-06-16
2025-06-16 10:12:06.296041,683.0,1,682.0,6,683.0,11,1,2357,2025-06-16
2025-06-16 10:12:20.836608,683.0,1,682.0,6,683.0,10,1,2357,2025-06-16
2025-06-16 10:12:34.461004,683.0,1,682.0,6,683.0,9,1,2357,2025-06-16
2025-06-16 10:12:35.307609,682.0,2,682.0,4,683.0,9,2,2357,2025-06-16
2025-06-16 10:12:35.672794,683.0,1,682.0,4,683.0,8,1,2357,2025-06-16
2025-06-16 10:13:33.615613,683.0,1,682.0,7,683.0,7,1,2357,2025-06-16
2025-06-16 10:13:51.482739,683.0,1,682.0,10,683.0,6,1,2357,2025-06-16
2025-06-16 10:14:26.462601,683.0,1,682.0,10,683.0,5,1,2357,2025-06-16
2025-06-16 10:14:32.301241,683.0,1,682.0,10,683.0,4,1,2357,2025-06-16
2025-06-16 10:14:32.689055,683.0,1,682.0,10,683.0,3,1,2357,2025-06-16
2025-06-16 10:15:07.367861,683.0,1,682.0,10,683.0,4,1,2357,2025-06-16
2025-06-16 10:15:22.465019,683.0,1,682.0,10,683.0,4,1,2357,2025-06-16
2025-06-16 10:15:38.985711,683.0,2,682.0,10,683.0,3,1,2357,2025-06-16
2025-06-16 10:15:43.460695,683.0,2,682.0,10,683.0,2,1,2357,2025-06-16
2025-06-16 10:15:44.746527,683.0,1,682.0,10,683.0,1,1,2357,2025-06-16
2025-06-16 10:16:17.462437,683.0,1,682.0,14,684.0,10,1,2357,2025-06-16
2025-06-16 10:16:23.157034,684.0,1,682.0,17,684.0,12,1,2357,2025-06-16
2025-06-16 10:16:55.426583,684.0,1,683.0,4,684.0,11,1,2357,2025-06-16
2025-06-16 10:16:55.429648,684.0,1,683.0,4,684.0,10,1,2357,2025-06-16
2025-06-16 10:16:58.306649,684.0,1,683.0,4,684.0,9,1,2357,2025-06-16
2025-06-16 10:17:22.039757,683.0,2,683.0,6,684.0,9,2,2357,2025-06-16
2025-06-16 10:17:38.955577,684.0,1,683.0,6,684.0,8,1,2357,2025-06-16
2025-06-16 10:17:41.658608,684.0,1,683.0,6,684.0,7,1,2357,2025-06-16
2025-06-16 10:18:09.461875,684.0,1,683.0,7,684.0,6,1,2357,2025-06-16
2025-06-16 10:18:55.804687,684.0,1,683.0,8,684.0,12,1,2357,2025-06-16
2025-06-16 10:19:05.459238,684.0,1,683.0,9,684.0,10,1,2357,2025-06-16
2025-06-16 10:19:23.306382,684.0,1,683.0,9,684.0,11,1,2357,2025-06-16
2025-06-16 10:19:39.656315,684.0,1,683.0,9,684.0,10,1,2357,2025-06-16
2025-06-16 10:20:11.709063,684.0,1,683.0,9,684.0,9,1,2357,2025-06-16
2025-06-16 10:20:40.611599,683.0,1,683.0,8,684.0,10,2,2357,2025-06-16
2025-06-16 10:21:20.633782,683.0,1,683.0,8,684.0,14,2,2357,2025-06-16
2025-06-16 10:21:20.673941,683.0,8,682.0,14,684.0,15,2,2357,2025-06-16
2025-06-16 10:21:25.307468,682.0,12,681.0,10,683.0,9,2,2357,2025-06-16
2025-06-16 10:21:27.473219,682.0,1,681.0,8,682.0,7,1,2357,2025-06-16
2025-06-16 10:21:30.048164,682.0,1,681.0,8,682.0,6,1,2357,2025-06-16
2025-06-16 10:21:47.627002,682.0,1,681.0,9,682.0,7,1,2357,2025-06-16
2025-06-16 10:21:49.301643,682.0,1,681.0,9,682.0,6,1,2357,2025-06-16
2025-06-16 10:21:49.717393,682.0,1,681.0,9,682.0,6,1,2357,2025-06-16
2025-06-16 10:21:49.744291,682.0,6,681.0,9,683.0,10,1,2357,2025-06-16
2025-06-16 10:21:59.425150,682.0,1,682.0,1,683.0,4,2,2357,2025-06-16
2025-06-16 10:21:59.460247,682.0,1,681.0,14,683.0,5,2,2357,2025-06-16
2025-06-16 10:22:40.223732,682.0,1,681.0,9,683.0,9,2,2357,2025-06-16
2025-06-16 10:22:43.351901,683.0,1,681.0,9,683.0,8,1,2357,2025-06-16
2025-06-16 10:22:48.456262,683.0,1,681.0,12,683.0,4,1,2357,2025-06-16
2025-06-16 10:23:20.042208,681.0,1,681.0,8,682.0,7,2,2357,2025-06-16
2025-06-16 10:23:28.364916,681.0,1,681.0,7,682.0,7,2,2357,2025-06-16
2025-06-16 10:23:59.164716,682.0,1,681.0,7,682.0,8,1,2357,2025-06-16
2025-06-16 10:24:15.300013,682.0,1,681.0,7,682.0,7,1,2357,2025-06-16
2025-06-16 10:24:40.453626,682.0,1,681.0,8,682.0,5,1,2357,2025-06-16
2025-06-16 10:25:15.038362,682.0,1,681.0,8,682.0,5,1,2357,2025-06-16
2025-06-16 10:25:35.452789,682.0,1,681.0,9,682.0,4,1,2357,2025-06-16
2025-06-16 10:25:44.248792,681.0,3,681.0,7,682.0,4,2,2357,2025-06-16
2025-06-16 10:25:45.753241,681.0,5,681.0,2,682.0,6,2,2357,2025-06-16
2025-06-16 10:25:53.885183,681.0,2,680.0,10,682.0,7,2,2357,2025-06-16
2025-06-16 10:25:58.769731,682.0,1,680.0,11,682.0,8,1,2357,2025-06-16
2025-06-16 10:26:04.655830,682.0,1,680.0,19,682.0,5,1,2357,2025-06-16
2025-06-16 10:26:04.660882,682.0,1,680.0,19,682.0,4,1,2357,2025-06-16
2025-06-16 10:26:12.332602,681.0,5,680.0,19,682.0,4,1,2357,2025-06-16
2025-06-16 10:26:30.850900,682.0,1,681.0,4,682.0,2,1,2357,2025-06-16
2025-06-16 10:26:33.453783,681.0,1,681.0,4,682.0,2,2,2357,2025-06-16
2025-06-16 10:26:41.290341,682.0,1,681.0,3,682.0,1,1,2357,2025-06-16
2025-06-16 10:27:27.454191,682.0,1,681.0,1,682.0,6,1,2357,2025-06-16
2025-06-16 10:27:46.715336,682.0,1,681.0,1,682.0,6,1,2357,2025-06-16
2025-06-16 10:28:14.694918,682.0,1,681.0,1,682.0,5,1,2357,2025-06-16
2025-06-16 10:28:21.928972,681.0,1,680.0,20,682.0,5,2,2357,2025-06-16
2025-06-16 10:28:57.819651,681.0,1,681.0,1,682.0,6,2,2357,2025-06-16
2025-06-16 10:29:03.139620,681.0,2,680.0,19,681.0,1,2,2357,2025-06-16
2025-06-16 10:29:03.171058,681.0,1,680.0,17,682.0,6,1,2357,2025-06-16
2025-06-16 10:29:03.463527,682.0,1,680.0,15,682.0,6,1,2357,2025-06-16
2025-06-16 10:29:06.300774,682.0,1,680.0,16,682.0,5,1,2357,2025-06-16
2025-06-16 10:29:18.457840,682.0,1,680.0,17,682.0,4,1,2357,2025-06-16
2025-06-16 10:30:06.815387,682.0,1,681.0,2,682.0,3,1,2357,2025-06-16
2025-06-16 10:30:18.010277,682.0,1,681.0,4,682.0,2,1,2357,2025-06-16
2025-06-16 10:30:19.300443,682.0,1,681.0,4,682.0,1,1,2357,2025-06-16
2025-06-16 10:30:39.275868,682.0,1,681.0,4,682.0,2,1,2357,2025-06-16
2025-06-16 10:31:10.457160,682.0,1,681.0,4,682.0,1,1,2357,2025-06-16
2025-06-16 10:31:20.335694,681.0,1,681.0,3,682.0,3,2,2357,2025-06-16
2025-06-16 10:31:32.298884,682.0,1,681.0,3,682.0,4,1,2357,2025-06-16
2025-06-16 10:31:35.119314,682.0,1,681.0,3,682.0,2,1,2357,2025-06-16
2025-06-16 10:31:48.770564,682.0,1,681.0,8,682.0,2,1,2357,2025-06-16
2025-06-16 10:32:06.465663,682.0,1,681.0,8,682.0,1,1,2357,2025-06-16
2025-06-16 10:32:06.823651,682.0,1,681.0,8,683.0,8,1,2357,2025-06-16
2025-06-16 10:32:38.348044,682.0,2,681.0,6,682.0,3,1,2357,2025-06-16
2025-06-16 10:32:45.479386,682.0,1,681.0,6,682.0,3,1,2357,2025-06-16
2025-06-16 10:32:50.998728,682.0,1,681.0,6,682.0,2,1,2357,2025-06-16
2025-06-16 10:33:14.697079,681.0,1,681.0,6,682.0,5,2,2357,2025-06-16
2025-06-16 10:33:40.843804,681.0,1,681.0,6,682.0,6,2,2357,2025-06-16
2025-06-16 10:33:58.306386,682.0,1,681.0,7,682.0,6,1,2357,2025-06-16
2025-06-16 10:34:06.785733,682.0,1,681.0,7,682.0,6,1,2357,2025-06-16
2025-06-16 10:34:14.856418,682.0,1,681.0,7,682.0,5,1,2357,2025-06-16
2025-06-16 10:34:17.360931,682.0,2,681.0,7,682.0,3,1,2357,2025-06-16
2025-06-16 10:34:50.742836,681.0,2,681.0,4,682.0,5,2,2357,2025-06-16
2025-06-16 10:34:50.768854,681.0,4,680.0,16,682.0,6,2,2357,2025-06-16
2025-06-16 10:34:53.476286,681.0,1,680.0,12,682.0,15,2,2357,2025-06-16
2025-06-16 10:35:00.928747,682.0,1,680.0,14,682.0,15,1,2357,2025-06-16
2025-06-16 10:35:13.892155,681.0,1,680.0,14,681.0,10,1,2357,2025-06-16
2025-06-16 10:35:13.897791,681.0,1,680.0,14,681.0,9,1,2357,2025-06-16
2025-06-16 10:35:22.615701,681.0,1,680.0,13,681.0,10,1,2357,2025-06-16
2025-06-16 10:35:49.508214,681.0,1,680.0,15,681.0,9,1,2357,2025-06-16
2025-06-16 10:36:00.155528,680.0,2,680.0,13,681.0,9,2,2357,2025-06-16
2025-06-16 10:36:00.530071,680.0,1,680.0,12,681.0,11,2,2357,2025-06-16
2025-06-16 10:36:14.069229,680.0,1,680.0,11,681.0,12,2,2357,2025-06-16
2025-06-16 10:36:22.539660,680.0,1,680.0,8,681.0,15,2,2357,2025-06-16
2025-06-16 10:36:24.299676,681.0,1,680.0,8,681.0,14,1,2357,2025-06-16
2025-06-16 10:36:24.373329,680.0,1,680.0,7,681.0,14,2,2357,2025-06-16
2025-06-16 10:36:26.063312,680.0,7,679.0,10,680.0,2,2,2357,2025-06-16
2025-06-16 10:36:39.504183,680.0,1,679.0,9,680.0,9,1,2357,2025-06-16
2025-06-16 10:37:40.450707,680.0,1,679.0,11,680.0,13,1,2357,2025-06-16
2025-06-16 10:37:55.300843,680.0,1,679.0,11,680.0,11,1,2357,2025-06-16
2025-06-16 10:38:05.656306,680.0,1,679.0,13,680.0,9,1,2357,2025-06-16
2025-06-16 10:38:23.906925,680.0,1,679.0,14,680.0,9,1,2357,2025-06-16
2025-06-16 10:38:24.425872,680.0,9,679.0,64,680.0,9,1,2357,2025-06-16
2025-06-16 10:38:49.298145,681.0,1,680.0,2,681.0,8,1,2357,2025-06-16
2025-06-16 10:39:11.158762,681.0,1,680.0,10,681.0,7,1,2357,2025-06-16
2025-06-16 10:39:32.456186,681.0,1,680.0,11,681.0,10,1,2357,2025-06-16
2025-06-16 10:39:48.506841,681.0,1,680.0,12,681.0,10,1,2357,2025-06-16
2025-06-16 10:40:27.050585,681.0,1,680.0,12,681.0,9,1,2357,2025-06-16
2025-06-16 10:41:09.659042,681.0,1,680.0,12,681.0,9,1,2357,2025-06-16
2025-06-16 10:41:15.299191,681.0,1,680.0,12,681.0,8,1,2357,2025-06-16
2025-06-16 10:41:24.449438,681.0,1,680.0,12,681.0,10,1,2357,2025-06-16
2025-06-16 10:41:42.853002,681.0,1,680.0,12,681.0,10,1,2357,2025-06-16
2025-06-16 10:41:56.700611,681.0,1,680.0,12,681.0,9,1,2357,2025-06-16
2025-06-16 10:42:01.714847,681.0,1,680.0,12,681.0,8,1,2357,2025-06-16
2025-06-16 10:42:19.458221,681.0,1,680.0,12,681.0,7,1,2357,2025-06-16
2025-06-16 10:42:31.944461,681.0,1,680.0,12,681.0,6,1,2357,2025-06-16
2025-06-16 10:42:58.723713,681.0,1,680.0,12,681.0,5,1,2357,2025-06-16
2025-06-16 10:42:59.875061,681.0,1,680.0,11,681.0,4,1,2357,2025-06-16
2025-06-16 10:43:00.425575,680.0,1,680.0,11,681.0,4,2,2357,2025-06-16
2025-06-16 10:43:22.435438,681.0,1,680.0,12,681.0,3,1,2357,2025-06-16
2025-06-16 10:43:24.139857,681.0,1,680.0,11,681.0,2,1,2357,2025-06-16
2025-06-16 10:43:30.439250,681.0,1,680.0,11,681.0,2,1,2357,2025-06-16
2025-06-16 10:43:41.289871,681.0,1,680.0,12,681.0,1,1,2357,2025-06-16
2025-06-16 10:43:43.662385,681.0,1,680.0,15,681.0,1,1,2357,2025-06-16
2025-06-16 10:43:58.451006,681.0,1,680.0,17,682.0,9,1,2357,2025-06-16
2025-06-16 10:44:14.581210,682.0,1,681.0,2,682.0,10,1,2357,2025-06-16
2025-06-16 10:44:23.120191,682.0,1,681.0,2,682.0,9,1,2357,2025-06-16
2025-06-16 10:44:23.120416,682.0,1,681.0,2,682.0,8,1,2357,2025-06-16
2025-06-16 10:44:47.214361,681.0,1,681.0,2,682.0,7,2,2357,2025-06-16
2025-06-16 10:45:30.409449,682.0,1,681.0,11,682.0,11,1,2357,2025-06-16
2025-06-16 10:45:30.516419,681.0,1,681.0,10,682.0,11,2,2357,2025-06-16
2025-06-16 10:45:30.646657,681.0,1,681.0,9,682.0,13,2,2357,2025-06-16
2025-06-16 10:46:07.297368,682.0,1,681.0,14,682.0,12,1,2357,2025-06-16
2025-06-16 10:46:19.403623,681.0,10,681.0,4,682.0,13,2,2357,2025-06-16
2025-06-16 10:46:19.435394,681.0,4,680.0,6,682.0,19,2,2357,2025-06-16
2025-06-16 10:46:40.982672,681.0,1,680.0,5,681.0,17,1,2357,2025-06-16
2025-06-16 10:46:47.110882,681.0,1,680.0,5,681.0,17,1,2357,2025-06-16
2025-06-16 10:46:55.491276,680.0,5,679.0,62,681.0,18,2,2357,2025-06-16
2025-06-16 10:47:08.468202,679.0,1,679.0,63,680.0,2,2,2357,2025-06-16
2025-06-16 10:47:13.211233,679.0,2,679.0,61,680.0,7,2,2357,2025-06-16
2025-06-16 10:47:13.982182,679.0,1,679.0,60,680.0,7,2,2357,2025-06-16
2025-06-16 10:47:14.606919,680.0,1,679.0,60,680.0,8,1,2357,2025-06-16
2025-06-16 10:47:18.665553,680.0,1,679.0,60,680.0,12,1,2357,2025-06-16
2025-06-16 10:47:54.455318,680.0,1,679.0,61,680.0,14,1,2357,2025-06-16
2025-06-16 10:47:59.350764,680.0,1,679.0,61,680.0,13,1,2357,2025-06-16
2025-06-16 10:48:00.113618,679.0,1,679.0,61,680.0,13,2,2357,2025-06-16
2025-06-16 10:48:02.924970,680.0,1,679.0,61,680.0,12,1,2357,2025-06-16
2025-06-16 10:48:32.305674,680.0,1,679.0,62,680.0,11,1,2357,2025-06-16
2025-06-16 10:48:33.689967,679.0,3,679.0,59,680.0,11,2,2357,2025-06-16
2025-06-16 10:48:38.466115,679.0,1,679.0,58,680.0,11,2,2357,2025-06-16
2025-06-16 10:48:49.599929,679.0,1,679.0,57,680.0,12,2,2357,2025-06-16
2025-06-16 10:48:57.738493,680.0,1,679.0,56,680.0,12,1,2357,2025-06-16
2025-06-16 10:49:09.296060,679.0,4,679.0,52,680.0,11,2,2357,2025-06-16
2025-06-16 10:49:18.714282,680.0,1,679.0,52,680.0,16,1,2357,2025-06-16
2025-06-16 10:49:41.570691,680.0,1,679.0,52,680.0,18,1,2357,2025-06-16
2025-06-16 10:49:53.470366,679.0,1,679.0,51,680.0,16,2,2357,2025-06-16
2025-06-16 10:50:22.671145,680.0,1,679.0,52,680.0,16,1,2357,2025-06-16
2025-06-16 10:50:34.463115,680.0,1,679.0,53,680.0,13,1,2357,2025-06-16
2025-06-16 10:50:41.458565,680.0,1,679.0,53,680.0,13,1,2357,2025-06-16
2025-06-16 10:50:49.020897,680.0,1,679.0,54,680.0,13,1,2357,2025-06-16
2025-06-16 10:50:53.467010,679.0,1,679.0,53,680.0,12,2,2357,2025-06-16
2025-06-16 10:50:58.301292,680.0,1,679.0,54,680.0,11,1,2357,2025-06-16
2025-06-16 10:51:29.295097,680.0,1,679.0,53,680.0,10,1,2357,2025-06-16
2025-06-16 10:51:37.453480,680.0,1,679.0,53,680.0,9,1,2357,2025-06-16
2025-06-16 10:51:50.288025,680.0,1,679.0,52,680.0,8,1,2357,2025-06-16
2025-06-16 10:51:50.317112,680.0,1,679.0,52,680.0,7,1,2357,2025-06-16
2025-06-16 10:52:33.473157,680.0,1,679.0,53,680.0,5,1,2357,2025-06-16
2025-06-16 10:53:07.150813,680.0,1,679.0,54,680.0,7,1,2357,2025-06-16
2025-06-16 10:53:24.300584,680.0,1,679.0,54,680.0,6,1,2357,2025-06-16
2025-06-16 10:53:26.673988,680.0,1,679.0,54,680.0,5,1,2357,2025-06-16
2025-06-16 10:53:32.351032,680.0,1,679.0,54,680.0,4,1,2357,2025-06-16
2025-06-16 10:53:32.351529,680.0,1,679.0,54,680.0,3,1,2357,2025-06-16
2025-06-16 10:54:22.992558,680.0,1,679.0,55,680.0,11,1,2357,2025-06-16
2025-06-16 10:54:25.454820,680.0,1,679.0,55,680.0,10,1,2357,2025-06-16
2025-06-16 10:54:57.058479,680.0,1,679.0,55,680.0,9,1,2357,2025-06-16
2025-06-16 10:55:20.452799,680.0,1,679.0,55,680.0,9,1,2357,2025-06-16
2025-06-16 10:55:38.840746,680.0,1,679.0,55,680.0,8,1,2357,2025-06-16
2025-06-16 10:55:39.690917,680.0,1,679.0,55,680.0,8,1,2357,2025-06-16
2025-06-16 10:55:50.297341,680.0,1,679.0,55,680.0,10,1,2357,2025-06-16
2025-06-16 10:56:31.676391,680.0,1,679.0,56,680.0,12,1,2357,2025-06-16
2025-06-16 10:56:54.567167,680.0,1,679.0,56,680.0,11,1,2357,2025-06-16
2025-06-16 10:57:12.453291,680.0,1,679.0,55,680.0,10,1,2357,2025-06-16
2025-06-16 10:57:47.324927,679.0,18,679.0,37,680.0,17,2,2357,2025-06-16
2025-06-16 10:57:47.345754,679.0,3,679.0,34,680.0,20,2,2357,2025-06-16
2025-06-16 10:57:47.345771,679.0,3,679.0,31,680.0,20,2,2357,2025-06-16
2025-06-16 10:57:47.369508,679.0,5,679.0,25,680.0,23,2,2357,2025-06-16
2025-06-16 10:57:47.386426,679.0,6,679.0,19,680.0,26,2,2357,2025-06-16
2025-06-16 10:57:47.386926,679.0,11,679.0,8,680.0,26,2,2357,2025-06-16
2025-06-16 10:57:47.406717,679.0,1,679.0,7,680.0,26,2,2357,2025-06-16
2025-06-16 10:57:47.406782,679.0,2,679.0,5,680.0,27,2,2357,2025-06-16
2025-06-16 10:57:47.406822,679.0,2,679.0,3,680.0,26,2,2357,2025-06-16
2025-06-16 10:57:47.441255,679.0,1,679.0,2,680.0,24,2,2357,2025-06-16
2025-06-16 10:58:00.055099,679.0,7,679.0,6,680.0,21,2,2357,2025-06-16
2025-06-16 10:58:00.074970,679.0,3,679.0,3,680.0,21,2,2357,2025-06-16
2025-06-16 10:58:00.110345,679.0,1,678.0,70,680.0,23,2,2357,2025-06-16
2025-06-16 10:58:06.974407,680.0,1,678.0,72,680.0,23,1,2357,2025-06-16
2025-06-16 10:58:08.461736,680.0,1,678.0,72,680.0,22,1,2357,2025-06-16
2025-06-16 10:58:10.322618,680.0,1,678.0,72,680.0,21,1,2357,2025-06-16
2025-06-16 10:58:11.880751,679.0,2,678.0,72,680.0,18,2,2357,2025-06-16
2025-06-16 10:58:15.295838,680.0,1,678.0,72,680.0,18,1,2357,2025-06-16
2025-06-16 10:58:22.489768,679.0,2,678.0,72,680.0,18,1,2357,2025-06-16
2025-06-16 10:58:22.548654,679.0,1,678.0,72,680.0,18,1,2357,2025-06-16
2025-06-16 10:58:38.640433,679.0,2,679.0,1,680.0,17,2,2357,2025-06-16
2025-06-16 10:58:39.470421,679.0,1,678.0,72,680.0,19,1,2357,2025-06-16
2025-06-16 10:59:04.219754,679.0,1,678.0,74,680.0,19,2,2357,2025-06-16
2025-06-16 10:59:06.096176,680.0,1,678.0,74,680.0,19,1,2357,2025-06-16
2025-06-16 10:59:25.545725,679.0,1,678.0,74,679.0,1,1,2357,2025-06-16
2025-06-16 10:59:27.162211,680.0,1,678.0,74,680.0,19,1,2357,2025-06-16
2025-06-16 10:59:29.444414,678.0,1,678.0,73,680.0,19,2,2357,2025-06-16
2025-06-16 10:59:46.332870,678.0,1,678.0,74,680.0,21,2,2357,2025-06-16
2025-06-16 11:00:41.298050,679.0,1,678.0,72,679.0,24,1,2357,2025-06-16
2025-06-16 11:00:42.956250,679.0,1,678.0,72,679.0,23,1,2357,2025-06-16
2025-06-16 11:00:55.452652,679.0,1,678.0,72,679.0,24,1,2357,2025-06-16
2025-06-16 11:01:39.484436,679.0,6,678.0,77,679.0,15,1,2357,2025-06-16
2025-06-16 11:01:51.452856,679.0,1,678.0,79,679.0,17,1,2357,2025-06-16
2025-06-16 11:01:51.485482,679.0,6,678.0,79,679.0,11,1,2357,2025-06-16
2025-06-16 11:01:58.762317,679.0,1,678.0,82,679.0,12,1,2357,2025-06-16
2025-06-16 11:02:11.458358,679.0,1,678.0,80,679.0,11,1,2357,2025-06-16
2025-06-16 11:02:11.485434,679.0,2,678.0,80,679.0,9,1,2357,2025-06-16
2025-06-16 11:02:26.094365,679.0,1,678.0,81,679.0,9,1,2357,2025-06-16
2025-06-16 11:02:26.131559,679.0,2,678.0,81,679.0,7,1,2357,2025-06-16
2025-06-16 11:02:26.161273,679.0,7,678.0,81,680.0,14,1,2357,2025-06-16
2025-06-16 11:02:41.582950,680.0,1,678.0,84,680.0,13,1,2357,2025-06-16
2025-06-16 11:02:41.586367,680.0,1,678.0,84,680.0,12,1,2357,2025-06-16
2025-06-16 11:02:47.457190,679.0,1,678.0,80,679.0,2,1,2357,2025-06-16
2025-06-16 11:02:53.267517,679.0,1,678.0,80,679.0,8,1,2357,2025-06-16
2025-06-16 11:02:57.212156,679.0,1,678.0,80,679.0,7,1,2357,2025-06-16
2025-06-16 11:03:04.904002,679.0,1,678.0,80,679.0,6,1,2357,2025-06-16
2025-06-16 11:03:07.294219,679.0,1,678.0,80,679.0,7,1,2357,2025-06-16
2025-06-16 11:03:14.132912,679.0,1,678.0,81,679.0,6,1,2357,2025-06-16
2025-06-16 11:03:14.697281,679.0,1,678.0,81,679.0,5,1,2357,2025-06-16
2025-06-16 11:03:20.198868,679.0,1,678.0,82,679.0,4,1,2357,2025-06-16
2025-06-16 11:03:20.226160,679.0,4,678.0,82,680.0,12,1,2357,2025-06-16
2025-06-16 11:04:30.521908,680.0,1,679.0,12,680.0,13,1,2357,2025-06-16
2025-06-16 11:04:38.456991,680.0,1,679.0,13,680.0,12,1,2357,2025-06-16
2025-06-16 11:05:13.137397,680.0,1,679.0,14,680.0,12,1,2357,2025-06-16
2025-06-16 11:05:32.286781,680.0,1,679.0,14,680.0,13,1,2357,2025-06-16
2025-06-16 11:05:34.504428,680.0,1,679.0,14,680.0,12,1,2357,2025-06-16
2025-06-16 11:05:44.662520,680.0,1,679.0,14,680.0,11,1,2357,2025-06-16
2025-06-16 11:05:46.380519,680.0,1,679.0,14,680.0,12,1,2357,2025-06-16
2025-06-16 11:06:06.644074,680.0,1,679.0,15,680.0,11,1,2357,2025-06-16
2025-06-16 11:07:02.226594,680.0,1,679.0,18,680.0,12,1,2357,2025-06-16
2025-06-16 11:07:16.205231,680.0,1,679.0,15,680.0,13,1,2357,2025-06-16
2025-06-16 11:07:22.168776,680.0,1,679.0,15,680.0,12,1,2357,2025-06-16
2025-06-16 11:07:26.458826,680.0,1,679.0,15,680.0,11,1,2357,2025-06-16
2025-06-16 11:07:58.276458,680.0,1,679.0,16,680.0,13,1,2357,2025-06-16
2025-06-16 11:08:18.057662,680.0,1,679.0,18,680.0,13,1,2357,2025-06-16
2025-06-16 11:08:21.457562,680.0,1,679.0,18,680.0,12,1,2357,2025-06-16
2025-06-16 11:08:48.662000,680.0,1,679.0,30,680.0,11,1,2357,2025-06-16
2025-06-16 11:09:17.466080,680.0,1,679.0,31,680.0,10,1,2357,2025-06-16
2025-06-16 11:09:21.712467,680.0,1,679.0,31,680.0,9,1,2357,2025-06-16
2025-06-16 11:09:34.838783,680.0,1,679.0,31,680.0,8,1,2357,2025-06-16
2025-06-16 11:09:43.736528,680.0,1,679.0,33,680.0,7,1,2357,2025-06-16
2025-06-16 11:09:43.866521,680.0,1,679.0,32,680.0,6,1,2357,2025-06-16
2025-06-16 11:09:55.964617,679.0,1,679.0,31,680.0,9,2,2357,2025-06-16
2025-06-16 11:10:24.268949,680.0,1,679.0,33,680.0,11,1,2357,2025-06-16
2025-06-16 11:10:30.793679,680.0,1,679.0,33,680.0,10,1,2357,2025-06-16
2025-06-16 11:10:31.985694,680.0,1,679.0,33,680.0,9,1,2357,2025-06-16
2025-06-16 11:10:50.728049,680.0,1,679.0,34,680.0,8,1,2357,2025-06-16
2025-06-16 11:11:09.456930,680.0,1,679.0,35,680.0,7,1,2357,2025-06-16
2025-06-16 11:11:27.450274,679.0,1,679.0,34,680.0,7,2,2357,2025-06-16
2025-06-16 11:11:31.207653,680.0,1,679.0,34,680.0,6,1,2357,2025-06-16
2025-06-16 11:11:50.812013,680.0,1,679.0,34,680.0,10,1,2357,2025-06-16
2025-06-16 11:11:50.832631,680.0,1,679.0,34,680.0,9,1,2357,2025-06-16
2025-06-16 11:11:53.662504,680.0,1,679.0,34,680.0,8,1,2357,2025-06-16
2025-06-16 11:12:04.464484,680.0,1,679.0,34,680.0,7,1,2357,2025-06-16
2025-06-16 11:12:06.540238,680.0,1,679.0,34,680.0,6,1,2357,2025-06-16
2025-06-16 11:12:50.269927,680.0,1,679.0,33,680.0,7,1,2357,2025-06-16
2025-06-16 11:12:53.818965,679.0,1,679.0,32,680.0,7,2,2357,2025-06-16
2025-06-16 11:13:17.671409,680.0,1,679.0,33,680.0,8,1,2357,2025-06-16
2025-06-16 11:13:22.443159,680.0,1,679.0,33,680.0,8,1,2357,2025-06-16
2025-06-16 11:13:56.459509,680.0,1,679.0,34,680.0,7,1,2357,2025-06-16
2025-06-16 11:14:38.239559,680.0,1,679.0,34,680.0,8,1,2357,2025-06-16
2025-06-16 11:14:52.462944,680.0,1,679.0,34,680.0,12,1,2357,2025-06-16
2025-06-16 11:15:15.267019,680.0,1,679.0,36,680.0,11,1,2357,2025-06-16
2025-06-16 11:15:39.255821,680.0,1,679.0,37,680.0,10,1,2357,2025-06-16
2025-06-16 11:15:48.515388,680.0,1,679.0,37,680.0,8,1,2357,2025-06-16
2025-06-16 11:15:54.080615,680.0,1,679.0,37,680.0,7,1,2357,2025-06-16
2025-06-16 11:16:25.424775,680.0,1,679.0,38,680.0,6,1,2357,2025-06-16
2025-06-16 11:16:40.065213,680.0,2,679.0,38,680.0,7,1,2357,2025-06-16
2025-06-16 11:17:03.491518,680.0,3,679.0,41,680.0,4,1,2357,2025-06-16
2025-06-16 11:17:09.923519,680.0,1,679.0,41,680.0,3,1,2357,2025-06-16
2025-06-16 11:17:39.464880,680.0,1,679.0,43,680.0,4,1,2357,2025-06-16
2025-06-16 11:17:41.256264,680.0,1,679.0,44,680.0,3,1,2357,2025-06-16
2025-06-16 11:18:01.667040,680.0,1,679.0,44,680.0,4,1,2357,2025-06-16
2025-06-16 11:18:26.711114,680.0,1,679.0,44,680.0,5,1,2357,2025-06-16
2025-06-16 11:18:34.079594,680.0,1,679.0,44,680.0,7,1,2357,2025-06-16
2025-06-16 11:18:35.465043,680.0,1,679.0,44,680.0,6,1,2357,2025-06-16
2025-06-16 11:18:49.015582,680.0,1,679.0,44,680.0,5,1,2357,2025-06-16
2025-06-16 11:19:26.459622,680.0,2,679.0,44,680.0,3,1,2357,2025-06-16
2025-06-16 11:19:42.446700,680.0,1,679.0,44,680.0,2,1,2357,2025-06-16
2025-06-16 11:19:48.292095,680.0,1,679.0,44,680.0,1,1,2357,2025-06-16
2025-06-16 11:20:00.781717,680.0,1,680.0,2,681.0,11,1,2357,2025-06-16
2025-06-16 11:20:01.051422,680.0,2,680.0,2,681.0,13,2,2357,2025-06-16
2025-06-16 11:20:07.261644,680.0,1,679.0,44,681.0,15,1,2357,2025-06-16
2025-06-16 11:20:26.469149,680.0,1,679.0,44,681.0,18,1,2357,2025-06-16
2025-06-16 11:20:49.399733,680.0,3,679.0,48,680.0,1,1,2357,2025-06-16
2025-06-16 11:20:58.216679,680.0,1,679.0,48,681.0,16,1,2357,2025-06-16
2025-06-16 11:21:00.049109,681.0,1,679.0,47,681.0,16,1,2357,2025-06-16
2025-06-16 11:21:00.049411,681.0,1,679.0,47,681.0,15,1,2357,2025-06-16
2025-06-16 11:21:06.669954,680.0,1,679.0,46,681.0,20,1,2357,2025-06-16
2025-06-16 11:21:21.930473,680.0,1,679.0,48,681.0,21,2,2357,2025-06-16
2025-06-16 11:21:21.995859,680.0,1,679.0,47,681.0,21,2,2357,2025-06-16
2025-06-16 11:22:04.898472,680.0,1,680.0,5,681.0,15,2,2357,2025-06-16
2025-06-16 11:22:14.025156,681.0,1,680.0,5,681.0,14,1,2357,2025-06-16
2025-06-16 11:22:16.453308,681.0,2,680.0,5,681.0,11,1,2357,2025-06-16
2025-06-16 11:22:18.465269,681.0,1,680.0,6,681.0,10,1,2357,2025-06-16
2025-06-16 11:22:33.276894,681.0,1,680.0,6,681.0,12,1,2357,2025-06-16
2025-06-16 11:23:03.718278,681.0,1,680.0,7,681.0,12,1,2357,2025-06-16
2025-06-16 11:23:29.889343,681.0,1,680.0,7,681.0,12,1,2357,2025-06-16
2025-06-16 11:23:56.325596,681.0,1,680.0,7,681.0,11,1,2357,2025-06-16
2025-06-16 11:24:10.470179,681.0,1,680.0,6,681.0,10,1,2357,2025-06-16
2025-06-16 11:24:39.924468,680.0,3,680.0,4,681.0,17,2,2357,2025-06-16
2025-06-16 11:24:39.948681,680.0,4,679.0,39,681.0,20,2,2357,2025-06-16
2025-06-16 11:24:46.721780,680.0,1,679.0,41,680.0,7,1,2357,2025-06-16
2025-06-16 11:24:47.045268,680.0,1,679.0,40,680.0,6,1,2357,2025-06-16
2025-06-16 11:24:58.265685,680.0,1,679.0,40,680.0,7,1,2357,2025-06-16
2025-06-16 11:25:05.465933,680.0,1,679.0,40,680.0,8,1,2357,2025-06-16
2025-06-16 11:25:27.982249,680.0,3,679.0,38,680.0,5,1,2357,2025-06-16
2025-06-16 11:25:34.671678,680.0,1,679.0,39,680.0,4,1,2357,2025-06-16
2025-06-16 11:25:38.617178,680.0,1,679.0,39,680.0,4,1,2357,2025-06-16
2025-06-16 11:25:42.884409,680.0,1,679.0,40,680.0,3,1,2357,2025-06-16
2025-06-16 11:26:00.788482,679.0,1,679.0,39,680.0,6,2,2357,2025-06-16
2025-06-16 11:26:02.619936,680.0,1,679.0,40,680.0,5,1,2357,2025-06-16
2025-06-16 11:27:18.476809,680.0,1,679.0,42,680.0,9,1,2357,2025-06-16
2025-06-16 11:27:24.269017,680.0,1,679.0,42,680.0,10,1,2357,2025-06-16
2025-06-16 11:27:44.040176,680.0,1,679.0,41,680.0,12,1,2357,2025-06-16
2025-06-16 11:27:53.463202,680.0,1,679.0,41,680.0,11,1,2357,2025-06-16
2025-06-16 11:28:04.377987,680.0,1,679.0,41,680.0,12,1,2357,2025-06-16
2025-06-16 11:28:34.312162,680.0,1,679.0,43,680.0,12,1,2357,2025-06-16
2025-06-16 11:28:49.463294,680.0,1,679.0,44,680.0,11,1,2357,2025-06-16
2025-06-16 11:29:49.937159,680.0,1,679.0,44,680.0,12,1,2357,2025-06-16
2025-06-16 11:29:50.273131,680.0,1,679.0,44,680.0,11,1,2357,2025-06-16
2025-06-16 11:30:09.268804,680.0,1,679.0,44,680.0,11,1,2357,2025-06-16
2025-06-16 11:30:09.269005,680.0,1,679.0,44,680.0,10,1,2357,2025-06-16
2025-06-16 11:30:40.463793,680.0,1,679.0,46,680.0,17,1,2357,2025-06-16
2025-06-16 11:31:06.442498,680.0,1,679.0,46,680.0,17,1,2357,2025-06-16
2025-06-16 11:31:17.661996,680.0,1,679.0,46,680.0,16,1,2357,2025-06-16
2025-06-16 11:31:36.462401,680.0,1,679.0,46,680.0,16,1,2357,2025-06-16
2025-06-16 11:32:02.291812,680.0,1,679.0,46,680.0,18,1,2357,2025-06-16
2025-06-16 11:32:10.488967,680.0,1,679.0,46,680.0,17,1,2357,2025-06-16
2025-06-16 11:32:13.404974,680.0,1,679.0,46,680.0,16,1,2357,2025-06-16
2025-06-16 11:32:16.273868,680.0,1,679.0,46,680.0,15,1,2357,2025-06-16
2025-06-16 11:32:21.970041,680.0,1,679.0,46,680.0,14,1,2357,2025-06-16
2025-06-16 11:32:32.459821,680.0,1,679.0,46,680.0,13,1,2357,2025-06-16
2025-06-16 11:33:05.819626,680.0,1,679.0,46,680.0,17,1,2357,2025-06-16
2025-06-16 11:33:12.072350,680.0,2,679.0,46,680.0,15,1,2357,2025-06-16
2025-06-16 11:33:37.838853,680.0,1,679.0,46,680.0,14,1,2357,2025-06-16
2025-06-16 11:34:15.428303,679.0,2,679.0,45,680.0,28,2,2357,2025-06-16
2025-06-16 11:34:29.477775,680.0,2,679.0,46,680.0,30,1,2357,2025-06-16
2025-06-16 11:34:41.265152,680.0,1,679.0,46,680.0,24,1,2357,2025-06-16
2025-06-16 11:34:43.892271,680.0,1,679.0,45,680.0,23,1,2357,2025-06-16
2025-06-16 11:34:53.665818,680.0,1,679.0,45,680.0,22,1,2357,2025-06-16
2025-06-16 11:35:19.461429,680.0,1,679.0,45,680.0,23,1,2357,2025-06-16
2025-06-16 11:36:10.482847,680.0,1,679.0,45,680.0,25,1,2357,2025-06-16
2025-06-16 11:36:21.440066,680.0,1,679.0,46,680.0,25,1,2357,2025-06-16
2025-06-16 11:36:27.676730,680.0,1,679.0,46,680.0,24,1,2357,2025-06-16
2025-06-16 11:36:43.407559,680.0,2,679.0,47,680.0,22,1,2357,2025-06-16
2025-06-16 11:36:46.724234,680.0,1,679.0,47,680.0,22,1,2357,2025-06-16
2025-06-16 11:36:50.693597,680.0,1,679.0,47,680.0,20,1,2357,2025-06-16
2025-06-16 11:37:07.269963,680.0,1,679.0,47,680.0,19,1,2357,2025-06-16
2025-06-16 11:37:11.461399,680.0,1,679.0,47,680.0,18,1,2357,2025-06-16
2025-06-16 11:37:26.333174,680.0,1,679.0,47,680.0,17,1,2357,2025-06-16
2025-06-16 11:37:28.142066,680.0,1,679.0,47,680.0,16,1,2357,2025-06-16
2025-06-16 11:37:36.271379,680.0,1,679.0,46,680.0,15,1,2357,2025-06-16
2025-06-16 11:37:40.081037,680.0,1,679.0,46,680.0,14,1,2357,2025-06-16
2025-06-16 11:37:50.898577,680.0,1,679.0,46,680.0,13,1,2357,2025-06-16
2025-06-16 11:38:06.463185,680.0,1,679.0,46,680.0,19,1,2357,2025-06-16
2025-06-16 11:38:18.996338,680.0,1,679.0,46,680.0,19,1,2357,2025-06-16
2025-06-16 11:38:41.040457,680.0,1,679.0,46,680.0,19,1,2357,2025-06-16
2025-06-16 11:38:42.082514,680.0,1,679.0,46,680.0,18,1,2357,2025-06-16
2025-06-16 11:39:02.469328,680.0,1,679.0,49,680.0,16,1,2357,2025-06-16
2025-06-16 11:39:09.002983,680.0,1,679.0,49,680.0,15,1,2357,2025-06-16
2025-06-16 11:39:18.504514,680.0,1,679.0,49,680.0,14,1,2357,2025-06-16
2025-06-16 11:39:18.504524,680.0,1,679.0,49,680.0,13,1,2357,2025-06-16
2025-06-16 11:39:32.673551,680.0,1,679.0,49,680.0,17,1,2357,2025-06-16
2025-06-16 11:39:33.261959,680.0,1,679.0,49,680.0,18,1,2357,2025-06-16
2025-06-16 11:39:57.943912,680.0,1,679.0,49,680.0,19,1,2357,2025-06-16
2025-06-16 11:40:30.470685,680.0,1,679.0,49,680.0,31,1,2357,2025-06-16
2025-06-16 11:40:32.412818,680.0,1,679.0,49,680.0,30,1,2357,2025-06-16
2025-06-16 11:40:54.470599,680.0,1,679.0,49,680.0,29,1,2357,2025-06-16
2025-06-16 11:41:07.385571,680.0,1,679.0,49,680.0,28,1,2357,2025-06-16
2025-06-16 11:41:07.673670,680.0,1,679.0,49,680.0,28,1,2357,2025-06-16
2025-06-16 11:41:13.856534,680.0,1,679.0,49,680.0,27,1,2357,2025-06-16
2025-06-16 11:41:50.463331,680.0,1,679.0,50,680.0,27,1,2357,2025-06-16
2025-06-16 11:41:59.265993,680.0,1,679.0,50,680.0,26,1,2357,2025-06-16
2025-06-16 11:42:10.496829,679.0,1,679.0,49,680.0,26,2,2357,2025-06-16
2025-06-16 11:42:10.783470,680.0,1,679.0,49,680.0,25,1,2357,2025-06-16
2025-06-16 11:42:29.741072,680.0,1,679.0,49,680.0,25,1,2357,2025-06-16
2025-06-16 11:42:36.673232,680.0,1,679.0,48,680.0,24,1,2357,2025-06-16
2025-06-16 11:43:40.440819,679.0,4,679.0,44,680.0,32,2,2357,2025-06-16
2025-06-16 11:43:40.466845,679.0,2,679.0,42,680.0,34,2,2357,2025-06-16
2025-06-16 11:43:45.599693,680.0,1,679.0,43,680.0,38,1,2357,2025-06-16
2025-06-16 11:43:52.358861,679.0,20,679.0,23,680.0,38,2,2357,2025-06-16
2025-06-16 11:43:52.380464,679.0,5,679.0,17,680.0,42,2,2357,2025-06-16
2025-06-16 11:43:52.380476,679.0,4,679.0,13,680.0,42,2,2357,2025-06-16
2025-06-16 11:43:52.380799,679.0,1,679.0,12,680.0,42,2,2357,2025-06-16
2025-06-16 11:43:52.401574,679.0,2,679.0,10,680.0,42,2,2357,2025-06-16
2025-06-16 11:43:52.425158,679.0,8,678.0,89,680.0,42,2,2357,2025-06-16
2025-06-16 11:43:52.917173,679.0,1,679.0,4,680.0,42,1,2357,2025-06-16
2025-06-16 11:43:53.122991,680.0,1,679.0,4,680.0,41,1,2357,2025-06-16
2025-06-16 11:43:53.156869,679.0,3,679.0,1,680.0,41,2,2357,2025-06-16
2025-06-16 11:44:18.928417,679.0,4,678.0,89,679.0,2,2,2357,2025-06-16
2025-06-16 11:44:18.990985,679.0,3,678.0,89,680.0,42,1,2357,2025-06-16
2025-06-16 11:44:24.254146,679.0,1,678.0,91,679.0,2,1,2357,2025-06-16
2025-06-16 11:44:24.282982,679.0,2,678.0,91,680.0,38,1,2357,2025-06-16
2025-06-16 11:44:38.500406,680.0,1,679.0,2,680.0,37,1,2357,2025-06-16
2025-06-16 11:45:02.411656,680.0,1,679.0,7,680.0,35,1,2357,2025-06-16
2025-06-16 11:45:33.469536,680.0,1,679.0,3,680.0,37,1,2357,2025-06-16
2025-06-16 11:45:40.671381,680.0,1,679.0,4,680.0,36,1,2357,2025-06-16
2025-06-16 11:46:18.278193,680.0,1,679.0,9,680.0,35,1,2357,2025-06-16
2025-06-16 11:46:50.253791,680.0,1,679.0,10,680.0,35,1,2357,2025-06-16
2025-06-16 11:47:24.468852,680.0,1,679.0,12,680.0,35,1,2357,2025-06-16
2025-06-16 11:47:34.103019,680.0,1,679.0,12,680.0,34,1,2357,2025-06-16
2025-06-16 11:48:20.471792,680.0,1,679.0,12,680.0,34,1,2357,2025-06-16
2025-06-16 11:48:27.723869,680.0,1,679.0,12,680.0,33,1,2357,2025-06-16
2025-06-16 11:48:27.729442,680.0,1,679.0,12,680.0,32,1,2357,2025-06-16
2025-06-16 11:48:45.673785,680.0,1,679.0,12,680.0,31,1,2357,2025-06-16
2025-06-16 11:48:46.529770,680.0,1,679.0,12,680.0,30,1,2357,2025-06-16
2025-06-16 11:48:49.976402,680.0,1,679.0,12,680.0,29,1,2357,2025-06-16
2025-06-16 11:49:16.254693,680.0,1,679.0,12,680.0,28,1,2357,2025-06-16
2025-06-16 11:49:16.472839,680.0,1,679.0,12,680.0,27,1,2357,2025-06-16
2025-06-16 11:50:05.682402,680.0,1,679.0,13,680.0,28,1,2357,2025-06-16
2025-06-16 11:50:28.729931,680.0,1,679.0,15,680.0,32,1,2357,2025-06-16
2025-06-16 11:51:07.393825,679.0,1,679.0,16,680.0,34,2,2357,2025-06-16
2025-06-16 11:51:07.473941,680.0,1,679.0,16,680.0,33,1,2357,2025-06-16
2025-06-16 11:51:13.605417,679.0,1,679.0,15,680.0,34,2,2357,2025-06-16
2025-06-16 11:51:21.385504,679.0,1,679.0,10,680.0,34,2,2357,2025-06-16
2025-06-16 11:51:21.460716,680.0,1,679.0,10,680.0,33,1,2357,2025-06-16
2025-06-16 11:51:34.411253,679.0,5,679.0,5,680.0,34,2,2357,2025-06-16
2025-06-16 11:51:37.830865,679.0,4,679.0,1,680.0,30,2,2357,2025-06-16
2025-06-16 11:51:41.246154,680.0,1,679.0,1,680.0,32,1,2357,2025-06-16
2025-06-16 11:51:49.672765,680.0,1,679.0,1,680.0,31,1,2357,2025-06-16
2025-06-16 11:52:03.469255,680.0,1,679.0,5,680.0,28,1,2357,2025-06-16
2025-06-16 11:52:29.900125,679.0,1,679.0,6,680.0,30,2,2357,2025-06-16
2025-06-16 11:52:38.256703,680.0,1,679.0,10,680.0,29,1,2357,2025-06-16
2025-06-16 11:52:55.559381,680.0,1,679.0,8,680.0,27,1,2357,2025-06-16
2025-06-16 11:53:02.349489,680.0,1,679.0,9,680.0,26,1,2357,2025-06-16
2025-06-16 11:53:54.106717,680.0,1,679.0,9,680.0,27,1,2357,2025-06-16
2025-06-16 11:53:55.478957,680.0,1,679.0,9,680.0,26,1,2357,2025-06-16
2025-06-16 11:54:07.248053,680.0,1,679.0,10,680.0,30,1,2357,2025-06-16
2025-06-16 11:54:50.471306,680.0,1,679.0,9,680.0,31,1,2357,2025-06-16
2025-06-16 11:54:53.674707,680.0,1,679.0,9,680.0,30,1,2357,2025-06-16
2025-06-16 11:55:09.964115,680.0,1,679.0,9,680.0,29,1,2357,2025-06-16
2025-06-16 11:55:22.422117,680.0,1,679.0,9,680.0,28,1,2357,2025-06-16
2025-06-16 11:55:40.753486,680.0,1,679.0,10,680.0,27,1,2357,2025-06-16
2025-06-16 11:55:46.478671,680.0,1,679.0,11,680.0,26,1,2357,2025-06-16
2025-06-16 11:55:58.531064,680.0,1,679.0,11,680.0,25,1,2357,2025-06-16
2025-06-16 11:56:25.793023,680.0,1,679.0,12,680.0,25,1,2357,2025-06-16
2025-06-16 11:56:33.256576,680.0,1,679.0,13,680.0,24,1,2357,2025-06-16
2025-06-16 11:56:41.016906,680.0,1,679.0,13,680.0,25,1,2357,2025-06-16
2025-06-16 11:56:51.537416,679.0,1,679.0,12,680.0,25,2,2357,2025-06-16
2025-06-16 11:57:03.594019,680.0,1,679.0,12,680.0,24,1,2357,2025-06-16
2025-06-16 11:57:36.956753,680.0,1,679.0,12,680.0,25,1,2357,2025-06-16
2025-06-16 11:57:36.957276,680.0,1,679.0,12,680.0,24,1,2357,2025-06-16
2025-06-16 11:57:38.475595,680.0,1,679.0,12,680.0,23,1,2357,2025-06-16
2025-06-16 11:57:41.576086,680.0,1,679.0,12,680.0,23,1,2357,2025-06-16
2025-06-16 11:58:34.479306,680.0,1,679.0,12,680.0,22,1,2357,2025-06-16
2025-06-16 11:58:57.318753,680.0,1,679.0,13,680.0,21,1,2357,2025-06-16
2025-06-16 11:58:59.258050,680.0,1,679.0,13,680.0,20,1,2357,2025-06-16
2025-06-16 11:59:50.190784,679.0,1,679.0,15,680.0,19,2,2357,2025-06-16
2025-06-16 12:00:14.144257,680.0,1,679.0,16,680.0,19,1,2357,2025-06-16
2025-06-16 12:00:25.470044,680.0,1,679.0,16,680.0,18,1,2357,2025-06-16
2025-06-16 12:00:37.679282,679.0,1,679.0,15,680.0,18,2,2357,2025-06-16
2025-06-16 12:00:47.210478,680.0,18,680.0,2,681.0,15,1,2357,2025-06-16
2025-06-16 12:00:47.232707,680.0,2,679.0,16,681.0,14,2,2357,2025-06-16
2025-06-16 12:01:11.627740,681.0,1,680.0,3,681.0,11,1,2357,2025-06-16
2025-06-16 12:01:13.157227,680.0,1,680.0,2,681.0,11,2,2357,2025-06-16
2025-06-16 12:01:17.595367,680.0,1,680.0,1,681.0,11,2,2357,2025-06-16
2025-06-16 12:01:21.506528,680.0,1,679.0,15,681.0,17,2,2357,2025-06-16
2025-06-16 12:01:24.258833,681.0,1,679.0,13,681.0,18,1,2357,2025-06-16
2025-06-16 12:01:29.943501,681.0,1,679.0,13,681.0,18,1,2357,2025-06-16
2025-06-16 12:02:11.581495,681.0,1,679.0,14,681.0,17,1,2357,2025-06-16
2025-06-16 12:02:17.470545,681.0,1,679.0,14,681.0,15,1,2357,2025-06-16
2025-06-16 12:02:45.822314,681.0,1,679.0,15,681.0,21,1,2357,2025-06-16
2025-06-16 12:02:46.501264,679.0,1,679.0,14,681.0,21,2,2357,2025-06-16
2025-06-16 12:03:23.647676,680.0,1,679.0,13,680.0,20,1,2357,2025-06-16
2025-06-16 12:03:50.263025,680.0,1,679.0,13,680.0,22,1,2357,2025-06-16
2025-06-16 12:04:01.649845,680.0,1,679.0,13,680.0,21,1,2357,2025-06-16
2025-06-16 12:04:01.908783,679.0,1,679.0,12,680.0,21,2,2357,2025-06-16
2025-06-16 12:04:10.705167,680.0,1,679.0,13,680.0,20,1,2357,2025-06-16
2025-06-16 12:04:40.150538,680.0,1,679.0,14,680.0,19,1,2357,2025-06-16
2025-06-16 12:05:04.470904,680.0,1,679.0,16,680.0,19,1,2357,2025-06-16
2025-06-16 12:05:17.507240,680.0,1,679.0,16,680.0,18,1,2357,2025-06-16
2025-06-16 12:05:20.660971,680.0,1,679.0,16,680.0,17,1,2357,2025-06-16
2025-06-16 12:05:41.810542,680.0,1,679.0,16,680.0,16,1,2357,2025-06-16
2025-06-16 12:06:16.268204,680.0,1,679.0,14,680.0,16,1,2357,2025-06-16
2025-06-16 12:06:33.336401,680.0,1,679.0,14,680.0,15,1,2357,2025-06-16
2025-06-16 12:06:46.168491,680.0,1,679.0,14,680.0,14,1,2357,2025-06-16
2025-06-16 12:06:46.168576,680.0,1,679.0,14,680.0,13,1,2357,2025-06-16
2025-06-16 12:06:56.528442,680.0,1,679.0,14,680.0,12,1,2357,2025-06-16
2025-06-16 12:07:11.682237,680.0,1,679.0,14,680.0,13,1,2357,2025-06-16
2025-06-16 12:07:49.053121,680.0,1,679.0,14,680.0,12,1,2357,2025-06-16
2025-06-16 12:07:51.470606,680.0,1,679.0,14,680.0,11,1,2357,2025-06-16
2025-06-16 12:08:14.362180,680.0,1,679.0,13,680.0,17,1,2357,2025-06-16
2025-06-16 12:08:23.298168,679.0,1,679.0,12,680.0,17,2,2357,2025-06-16
2025-06-16 12:08:39.388551,679.0,5,679.0,8,680.0,17,2,2357,2025-06-16
2025-06-16 12:08:42.260885,680.0,1,679.0,8,680.0,18,1,2357,2025-06-16
2025-06-16 12:08:47.471702,680.0,1,679.0,8,680.0,18,1,2357,2025-06-16
2025-06-16 12:09:05.846914,680.0,1,679.0,8,680.0,18,1,2357,2025-06-16
2025-06-16 12:09:12.215767,679.0,4,679.0,5,680.0,18,2,2357,2025-06-16
2025-06-16 12:09:28.696135,680.0,1,679.0,5,680.0,17,1,2357,2025-06-16
2025-06-16 12:10:15.680815,680.0,1,679.0,6,680.0,16,1,2357,2025-06-16
2025-06-16 12:10:21.663441,680.0,1,679.0,6,680.0,15,1,2357,2025-06-16
2025-06-16 12:10:39.474880,680.0,1,679.0,15,680.0,14,1,2357,2025-06-16
2025-06-16 12:11:07.264088,680.0,1,679.0,15,680.0,15,1,2357,2025-06-16
2025-06-16 12:11:20.812787,680.0,1,679.0,16,680.0,14,1,2357,2025-06-16
2025-06-16 12:11:35.471302,680.0,1,679.0,17,680.0,20,1,2357,2025-06-16
2025-06-16 12:11:37.538296,680.0,1,679.0,17,680.0,19,1,2357,2025-06-16
2025-06-16 12:12:30.463249,680.0,1,679.0,17,680.0,18,1,2357,2025-06-16
2025-06-16 12:12:44.991158,679.0,1,679.0,16,680.0,18,2,2357,2025-06-16
2025-06-16 12:12:53.303646,680.0,1,679.0,16,680.0,17,1,2357,2025-06-16
2025-06-16 12:13:20.675101,680.0,1,679.0,16,680.0,16,1,2357,2025-06-16
2025-06-16 12:13:33.263857,680.0,1,679.0,16,680.0,15,1,2357,2025-06-16
2025-06-16 12:13:37.729383,680.0,1,679.0,16,680.0,14,1,2357,2025-06-16
2025-06-16 12:13:45.027172,680.0,1,679.0,16,680.0,13,1,2357,2025-06-16
2025-06-16 12:14:09.123933,680.0,1,679.0,16,680.0,12,1,2357,2025-06-16
2025-06-16 12:14:22.469598,680.0,1,679.0,17,680.0,12,1,2357,2025-06-16
2025-06-16 12:14:39.123998,679.0,1,679.0,16,680.0,12,2,2357,2025-06-16
2025-06-16 12:15:24.947332,680.0,1,679.0,17,680.0,17,1,2357,2025-06-16
2025-06-16 12:15:55.419831,680.0,1,679.0,20,680.0,18,1,2357,2025-06-16
2025-06-16 12:15:55.420352,680.0,1,679.0,20,680.0,17,1,2357,2025-06-16
2025-06-16 12:15:59.260376,680.0,1,679.0,22,680.0,17,1,2357,2025-06-16
2025-06-16 12:16:08.141682,680.0,1,679.0,22,680.0,16,1,2357,2025-06-16
2025-06-16 12:16:24.675761,680.0,1,679.0,25,680.0,15,1,2357,2025-06-16
2025-06-16 12:16:41.701212,680.0,1,679.0,27,680.0,14,1,2357,2025-06-16
2025-06-16 12:17:09.468145,680.0,1,679.0,28,680.0,17,1,2357,2025-06-16
2025-06-16 12:17:45.759850,680.0,1,679.0,28,680.0,17,1,2357,2025-06-16
2025-06-16 12:17:53.710544,680.0,1,679.0,29,680.0,16,1,2357,2025-06-16
2025-06-16 12:17:57.524522,680.0,1,679.0,29,680.0,15,1,2357,2025-06-16
2025-06-16 12:18:05.472469,680.0,1,679.0,29,680.0,22,1,2357,2025-06-16
2025-06-16 12:18:25.256829,680.0,1,679.0,29,680.0,21,1,2357,2025-06-16
2025-06-16 12:19:01.467541,680.0,1,679.0,30,680.0,22,1,2357,2025-06-16
2025-06-16 12:19:10.412589,680.0,2,679.0,30,680.0,20,1,2357,2025-06-16
2025-06-16 12:19:13.289411,680.0,1,679.0,30,680.0,19,1,2357,2025-06-16
2025-06-16 12:19:28.154183,679.0,1,679.0,29,680.0,19,2,2357,2025-06-16
2025-06-16 12:20:00.368357,679.0,1,679.0,29,680.0,19,2,2357,2025-06-16
2025-06-16 12:20:21.541280,680.0,10,679.0,28,680.0,9,1,2357,2025-06-16
2025-06-16 12:20:21.665059,680.0,2,679.0,26,680.0,7,1,2357,2025-06-16
2025-06-16 12:20:21.726291,680.0,2,679.0,24,680.0,7,1,2357,2025-06-16
2025-06-16 12:20:28.958996,680.0,6,680.0,4,681.0,19,1,2357,2025-06-16
2025-06-16 12:20:29.079051,681.0,1,680.0,4,681.0,13,1,2357,2025-06-16
2025-06-16 12:20:30.045873,681.0,1,680.0,9,681.0,8,1,2357,2025-06-16
2025-06-16 12:20:37.239048,680.0,1,680.0,8,681.0,10,2,2357,2025-06-16
2025-06-16 12:20:38.181168,681.0,5,680.0,8,681.0,5,1,2357,2025-06-16
2025-06-16 12:20:46.037675,681.0,2,680.0,10,681.0,3,1,2357,2025-06-16
2025-06-16 12:20:47.169308,681.0,1,680.0,10,681.0,2,1,2357,2025-06-16
2025-06-16 12:20:48.257829,681.0,1,680.0,12,681.0,1,1,2357,2025-06-16
2025-06-16 12:20:49.265766,680.0,1,680.0,16,681.0,1,2,2357,2025-06-16
2025-06-16 12:20:50.250697,681.0,1,680.0,16,682.0,10,1,2357,2025-06-16
2025-06-16 12:20:52.490953,681.0,1,680.0,11,682.0,18,2,2357,2025-06-16
2025-06-16 12:21:17.969318,681.0,1,680.0,10,681.0,2,1,2357,2025-06-16
2025-06-16 12:21:32.096917,681.0,2,680.0,17,682.0,20,1,2357,2025-06-16
2025-06-16 12:21:44.903675,682.0,1,681.0,7,682.0,10,1,2357,2025-06-16
2025-06-16 12:21:48.468224,682.0,1,681.0,7,682.0,9,1,2357,2025-06-16
2025-06-16 12:21:53.790990,682.0,1,681.0,7,682.0,8,1,2357,2025-06-16
2025-06-16 12:22:07.945207,682.0,5,681.0,7,682.0,2,1,2357,2025-06-16
2025-06-16 12:22:15.677229,682.0,1,681.0,9,682.0,2,1,2357,2025-06-16
2025-06-16 12:23:01.748965,682.0,1,681.0,7,682.0,2,1,2357,2025-06-16
2025-06-16 12:23:03.016349,682.0,1,681.0,7,682.0,1,1,2357,2025-06-16
2025-06-16 12:23:16.251036,682.0,1,681.0,9,683.0,39,1,2357,2025-06-16
2025-06-16 12:23:18.843088,681.0,1,681.0,8,683.0,44,2,2357,2025-06-16
2025-06-16 12:23:21.032268,682.0,5,681.0,6,683.0,46,2,2357,2025-06-16
2025-06-16 12:23:21.082025,681.0,2,681.0,4,682.0,11,2,2357,2025-06-16
2025-06-16 12:23:21.108087,681.0,3,680.0,16,682.0,16,2,2357,2025-06-16
2025-06-16 12:24:17.515952,682.0,1,681.0,10,682.0,16,1,2357,2025-06-16
2025-06-16 12:24:36.468179,682.0,1,681.0,10,682.0,16,1,2357,2025-06-16
2025-06-16 12:24:45.787923,681.0,1,681.0,9,682.0,16,2,2357,2025-06-16
2025-06-16 12:25:04.657624,682.0,1,681.0,9,682.0,6,1,2357,2025-06-16
2025-06-16 12:25:04.657774,682.0,1,681.0,9,682.0,5,1,2357,2025-06-16
2025-06-16 12:25:08.847176,681.0,1,681.0,8,682.0,5,2,2357,2025-06-16
2025-06-16 12:25:33.360145,682.0,1,681.0,11,682.0,7,1,2357,2025-06-16
2025-06-16 12:25:37.511683,682.0,1,681.0,11,682.0,11,1,2357,2025-06-16
2025-06-16 12:25:37.687917,682.0,1,681.0,11,682.0,10,1,2357,2025-06-16
2025-06-16 12:25:42.243908,682.0,1,681.0,11,682.0,10,1,2357,2025-06-16
2025-06-16 12:26:02.824616,682.0,1,681.0,11,682.0,9,1,2357,2025-06-16
2025-06-16 12:26:14.516035,681.0,1,681.0,10,682.0,19,2,2357,2025-06-16
2025-06-16 12:26:49.170599,682.0,1,681.0,15,682.0,18,1,2357,2025-06-16
2025-06-16 12:27:23.486879,682.0,1,681.0,15,682.0,17,1,2357,2025-06-16
2025-06-16 12:27:42.077253,681.0,1,681.0,15,682.0,17,2,2357,2025-06-16
2025-06-16 12:28:04.926228,682.0,1,681.0,15,682.0,19,1,2357,2025-06-16
2025-06-16 12:28:08.246521,682.0,1,681.0,15,682.0,18,1,2357,2025-06-16
2025-06-16 12:28:19.473496,682.0,1,681.0,15,682.0,15,1,2357,2025-06-16
2025-06-16 12:28:41.674146,682.0,1,681.0,16,682.0,14,1,2357,2025-06-16
2025-06-16 12:29:10.270250,681.0,1,681.0,20,682.0,14,2,2357,2025-06-16
2025-06-16 12:29:13.585348,682.0,1,681.0,20,682.0,13,1,2357,2025-06-16
2025-06-16 12:29:20.759116,682.0,1,681.0,20,682.0,12,1,2357,2025-06-16
2025-06-16 12:29:39.266449,682.0,1,681.0,20,682.0,12,1,2357,2025-06-16
2025-06-16 12:30:10.474672,682.0,1,681.0,21,682.0,11,1,2357,2025-06-16
2025-06-16 12:30:10.854392,682.0,1,681.0,21,682.0,10,1,2357,2025-06-16
2025-06-16 12:30:11.377150,682.0,2,681.0,19,682.0,8,1,2357,2025-06-16
2025-06-16 12:30:11.378285,682.0,3,681.0,16,682.0,5,1,2357,2025-06-16
2025-06-16 12:30:21.741345,682.0,1,681.0,16,682.0,4,1,2357,2025-06-16
2025-06-16 12:30:28.021161,682.0,4,682.0,1,683.0,44,1,2357,2025-06-16
2025-06-16 12:30:28.048504,682.0,1,681.0,15,683.0,42,2,2357,2025-06-16
2025-06-16 12:30:29.960938,682.0,1,681.0,17,683.0,43,2,2357,2025-06-16
2025-06-16 12:30:33.250137,682.0,1,681.0,17,683.0,43,1,2357,2025-06-16
2025-06-16 12:30:34.953058,682.0,5,681.0,15,683.0,43,2,2357,2025-06-16
2025-06-16 12:30:36.532919,681.0,1,681.0,16,682.0,1,2,2357,2025-06-16
2025-06-16 12:30:37.747286,682.0,1,681.0,14,683.0,43,1,2357,2025-06-16
2025-06-16 12:30:38.739840,681.0,1,681.0,15,683.0,44,2,2357,2025-06-16
2025-06-16 12:30:48.377687,682.0,5,681.0,15,683.0,44,2,2357,2025-06-16
2025-06-16 12:31:06.473885,682.0,1,681.0,13,682.0,3,1,2357,2025-06-16
2025-06-16 12:31:18.133436,682.0,3,682.0,2,683.0,44,1,2357,2025-06-16
2025-06-16 12:31:18.162079,682.0,2,681.0,13,683.0,44,2,2357,2025-06-16
2025-06-16 12:31:18.765320,682.0,1,681.0,12,683.0,50,2,2357,2025-06-16
2025-06-16 12:31:28.345308,681.0,2,681.0,10,683.0,51,2,2357,2025-06-16
2025-06-16 12:31:35.716265,683.0,1,681.0,11,683.0,50,1,2357,2025-06-16
2025-06-16 12:31:46.677254,683.0,1,681.0,13,683.0,46,1,2357,2025-06-16
2025-06-16 12:31:52.154266,681.0,1,681.0,12,683.0,43,2,2357,2025-06-16
2025-06-16 12:31:53.451141,683.0,1,681.0,12,683.0,42,1,2357,2025-06-16
2025-06-16 12:31:53.843409,682.0,5,681.0,10,683.0,42,2,2357,2025-06-16
2025-06-16 12:31:53.874048,682.0,2,681.0,10,683.0,41,1,2357,2025-06-16
2025-06-16 12:32:06.150032,682.0,1,682.0,8,683.0,42,2,2357,2025-06-16
2025-06-16 12:32:06.175465,682.0,8,681.0,13,683.0,42,2,2357,2025-06-16
2025-06-16 12:32:15.680069,681.0,1,681.0,12,683.0,43,2,2357,2025-06-16
2025-06-16 12:32:23.403451,682.0,5,681.0,12,683.0,43,2,2357,2025-06-16
2025-06-16 12:32:59.263165,682.0,1,681.0,7,682.0,7,1,2357,2025-06-16
2025-06-16 12:33:06.000169,681.0,1,681.0,6,682.0,7,2,2357,2025-06-16
2025-06-16 12:33:09.214986,682.0,1,681.0,9,682.0,6,1,2357,2025-06-16
2025-06-16 12:33:33.337864,681.0,1,681.0,8,682.0,11,2,2357,2025-06-16
2025-06-16 12:33:39.207402,681.0,5,680.0,15,682.0,11,2,2357,2025-06-16
2025-06-16 12:33:53.502758,681.0,1,680.0,23,682.0,28,2,2357,2025-06-16
2025-06-16 12:34:13.489772,680.0,1,680.0,15,681.0,6,2,2357,2025-06-16
2025-06-16 12:34:13.873096,681.0,1,680.0,15,681.0,5,1,2357,2025-06-16
2025-06-16 12:34:13.873411,681.0,1,680.0,15,681.0,4,1,2357,2025-06-16
2025-06-16 12:34:19.885287,681.0,1,680.0,19,681.0,3,1,2357,2025-06-16
2025-06-16 12:34:21.214364,680.0,1,680.0,18,681.0,3,2,2357,2025-06-16
2025-06-16 12:34:24.881321,681.0,1,680.0,18,681.0,2,1,2357,2025-06-16
2025-06-16 12:34:49.477412,681.0,1,680.0,16,681.0,3,1,2357,2025-06-16
2025-06-16 12:34:50.679366,681.0,1,680.0,16,681.0,2,1,2357,2025-06-16
2025-06-16 12:35:01.882529,681.0,3,681.0,2,682.0,24,1,2357,2025-06-16
2025-06-16 12:35:01.897472,681.0,2,680.0,16,682.0,24,2,2357,2025-06-16
2025-06-16 12:35:02.059554,680.0,1,680.0,15,682.0,27,2,2357,2025-06-16
2025-06-16 12:35:25.258316,681.0,1,680.0,20,682.0,25,1,2357,2025-06-16
2025-06-16 12:35:30.746138,680.0,1,680.0,20,682.0,28,2,2357,2025-06-16
2025-06-16 12:35:36.357772,680.0,1,680.0,19,682.0,28,2,2357,2025-06-16
2025-06-16 12:35:40.684194,682.0,1,680.0,16,682.0,30,1,2357,2025-06-16
2025-06-16 12:35:45.471699,682.0,1,680.0,16,682.0,31,1,2357,2025-06-16
2025-06-16 12:36:30.681625,680.0,1,680.0,15,682.0,32,2,2357,2025-06-16
2025-06-16 12:36:51.683506,680.0,1,680.0,14,682.0,34,2,2357,2025-06-16
2025-06-16 12:36:57.436109,682.0,1,680.0,14,682.0,33,1,2357,2025-06-16
2025-06-16 12:37:36.472663,682.0,1,680.0,14,682.0,32,1,2357,2025-06-16
2025-06-16 12:37:50.264013,682.0,1,680.0,14,682.0,31,1,2357,2025-06-16
2025-06-16 12:37:54.680009,682.0,1,680.0,14,682.0,30,1,2357,2025-06-16
2025-06-16 12:37:57.722529,680.0,1,680.0,13,682.0,30,2,2357,2025-06-16
2025-06-16 12:38:01.624807,681.0,3,680.0,13,682.0,30,2,2357,2025-06-16
2025-06-16 12:38:05.684487,680.0,1,680.0,14,681.0,3,2,2357,2025-06-16
2025-06-16 12:38:13.120175,681.0,1,680.0,13,681.0,5,1,2357,2025-06-16
2025-06-16 12:38:27.912411,681.0,1,680.0,13,681.0,4,1,2357,2025-06-16
2025-06-16 12:38:32.565984,681.0,1,680.0,14,681.0,3,1,2357,2025-06-16
2025-06-16 12:38:48.489383,681.0,1,680.0,14,681.0,3,1,2357,2025-06-16
2025-06-16 12:39:21.719208,680.0,1,680.0,13,681.0,3,2,2357,2025-06-16
2025-06-16 12:39:22.935622,680.0,1,680.0,12,681.0,3,2,2357,2025-06-16
2025-06-16 12:39:26.383949,680.0,1,680.0,11,681.0,4,2,2357,2025-06-16
2025-06-16 12:39:28.943335,681.0,1,680.0,11,681.0,4,1,2357,2025-06-16
2025-06-16 12:40:16.264320,681.0,1,680.0,12,681.0,4,1,2357,2025-06-16
2025-06-16 12:40:24.526338,681.0,1,680.0,12,681.0,3,1,2357,2025-06-16
2025-06-16 12:40:25.054900,680.0,1,680.0,11,681.0,3,2,2357,2025-06-16
2025-06-16 12:40:33.602384,680.0,1,680.0,10,681.0,5,2,2357,2025-06-16
2025-06-16 12:40:44.725688,681.0,1,680.0,10,681.0,4,1,2357,2025-06-16
2025-06-16 12:40:53.994120,680.0,1,680.0,10,681.0,5,2,2357,2025-06-16
2025-06-16 12:40:59.682580,681.0,1,680.0,11,681.0,4,1,2357,2025-06-16
2025-06-16 12:41:07.642741,681.0,1,680.0,11,681.0,3,1,2357,2025-06-16
2025-06-16 12:41:14.003412,680.0,1,680.0,10,681.0,3,2,2357,2025-06-16
2025-06-16 12:41:45.509411,681.0,6,681.0,2,682.0,25,1,2357,2025-06-16
2025-06-16 12:41:45.538755,681.0,1,681.0,1,682.0,25,2,2357,2025-06-16
2025-06-16 12:41:45.571456,681.0,1,680.0,10,682.0,25,2,2357,2025-06-16
2025-06-16 12:41:54.153820,681.0,1,681.0,5,682.0,28,2,2357,2025-06-16
2025-06-16 12:42:00.544163,682.0,1,681.0,4,682.0,28,1,2357,2025-06-16
2025-06-16 12:42:15.470024,682.0,1,681.0,5,682.0,25,1,2357,2025-06-16
2025-06-16 12:42:22.608178,681.0,1,681.0,4,682.0,25,2,2357,2025-06-16
2025-06-16 12:42:34.048239,681.0,1,681.0,3,682.0,26,2,2357,2025-06-16
2025-06-16 12:42:34.083601,681.0,1,681.0,1,682.0,28,2,2357,2025-06-16
2025-06-16 12:42:35.939557,682.0,1,680.0,10,682.0,28,1,2357,2025-06-16
2025-06-16 12:42:36.054867,681.0,1,680.0,13,682.0,26,2,2357,2025-06-16
2025-06-16 12:42:42.263718,682.0,1,680.0,7,682.0,29,1,2357,2025-06-16
2025-06-16 12:43:14.428229,680.0,1,680.0,8,682.0,31,2,2357,2025-06-16
2025-06-16 12:43:17.354854,682.0,1,680.0,8,682.0,30,1,2357,2025-06-16
2025-06-16 12:43:23.105242,682.0,1,680.0,9,682.0,29,1,2357,2025-06-16
2025-06-16 12:43:23.111161,682.0,1,680.0,9,682.0,28,1,2357,2025-06-16
2025-06-16 12:43:49.601912,680.0,1,680.0,8,682.0,29,2,2357,2025-06-16
2025-06-16 12:43:54.414857,680.0,1,680.0,7,682.0,29,2,2357,2025-06-16
2025-06-16 12:43:56.309070,680.0,3,680.0,3,681.0,2,2,2357,2025-06-16
2025-06-16 12:44:03.679980,681.0,1,680.0,3,681.0,3,1,2357,2025-06-16
2025-06-16 12:44:07.474426,681.0,1,680.0,3,681.0,3,1,2357,2025-06-16
2025-06-16 12:44:33.133148,681.0,1,680.0,3,681.0,6,1,2357,2025-06-16
2025-06-16 12:44:34.204375,680.0,1,680.0,2,681.0,6,2,2357,2025-06-16
2025-06-16 12:45:08.256830,681.0,1,680.0,5,681.0,7,1,2357,2025-06-16
2025-06-16 12:45:17.706541,681.0,1,680.0,6,681.0,7,1,2357,2025-06-16
2025-06-16 12:45:43.853982,680.0,1,680.0,6,681.0,14,2,2357,2025-06-16
2025-06-16 12:45:48.885859,681.0,1,680.0,6,681.0,13,1,2357,2025-06-16
2025-06-16 12:45:53.469750,680.0,1,680.0,5,681.0,14,2,2357,2025-06-16
2025-06-16 12:46:00.229298,681.0,1,680.0,5,681.0,13,1,2357,2025-06-16
2025-06-16 12:46:33.671465,680.0,1,680.0,11,681.0,14,2,2357,2025-06-16
2025-06-16 12:46:44.968090,681.0,1,680.0,11,681.0,14,1,2357,2025-06-16
2025-06-16 12:46:54.473694,681.0,1,680.0,11,681.0,13,1,2357,2025-06-16
2025-06-16 12:47:04.828997,681.0,1,680.0,18,681.0,12,1,2357,2025-06-16
2025-06-16 12:47:07.676184,681.0,1,680.0,17,681.0,11,1,2357,2025-06-16
2025-06-16 12:47:14.259532,680.0,1,680.0,16,681.0,13,2,2357,2025-06-16
2025-06-16 12:47:16.938541,680.0,1,680.0,10,681.0,12,2,2357,2025-06-16
2025-06-16 12:47:33.256729,681.0,1,680.0,13,681.0,11,1,2357,2025-06-16
2025-06-16 12:47:49.535041,680.0,1,680.0,12,681.0,14,2,2357,2025-06-16
2025-06-16 12:47:53.642096,680.0,1,680.0,12,681.0,14,2,2357,2025-06-16
2025-06-16 12:47:57.723041,681.0,1,680.0,12,681.0,13,1,2357,2025-06-16
2025-06-16 12:47:58.317538,680.0,1,680.0,11,681.0,13,2,2357,2025-06-16
2025-06-16 12:48:20.823318,681.0,1,680.0,14,681.0,12,1,2357,2025-06-16
2025-06-16 12:48:34.083196,680.0,1,680.0,13,681.0,12,2,2357,2025-06-16
2025-06-16 12:49:14.137098,680.0,1,680.0,13,681.0,16,2,2357,2025-06-16
2025-06-16 12:49:36.836156,681.0,1,680.0,13,681.0,16,1,2357,2025-06-16
2025-06-16 12:49:53.714662,680.0,1,680.0,12,681.0,16,2,2357,2025-06-16
2025-06-16 12:49:59.253301,681.0,1,680.0,12,681.0,15,1,2357,2025-06-16
2025-06-16 12:50:02.282749,680.0,1,680.0,11,681.0,15,2,2357,2025-06-16
2025-06-16 12:50:12.674806,681.0,1,680.0,17,681.0,14,1,2357,2025-06-16
2025-06-16 12:50:33.892250,680.0,1,680.0,16,681.0,14,2,2357,2025-06-16
2025-06-16 12:50:52.621868,681.0,1,680.0,18,681.0,13,1,2357,2025-06-16
2025-06-16 12:50:52.992684,681.0,1,680.0,18,681.0,12,1,2357,2025-06-16
2025-06-16 12:50:56.170649,681.0,1,680.0,17,681.0,11,1,2357,2025-06-16
2025-06-16 12:50:56.192001,681.0,1,680.0,16,681.0,10,1,2357,2025-06-16
2025-06-16 12:50:56.222103,681.0,1,680.0,15,681.0,9,1,2357,2025-06-16
2025-06-16 12:51:14.954174,680.0,1,680.0,14,681.0,11,2,2357,2025-06-16
2025-06-16 12:51:48.872479,681.0,1,680.0,14,681.0,13,1,2357,2025-06-16
2025-06-16 12:51:54.367015,680.0,1,680.0,13,681.0,13,2,2357,2025-06-16
2025-06-16 12:52:08.445210,681.0,1,680.0,12,681.0,13,1,2357,2025-06-16
2025-06-16 12:52:25.254782,681.0,1,680.0,12,681.0,14,1,2357,2025-06-16
2025-06-16 12:52:30.564528,680.0,1,680.0,11,681.0,14,2,2357,2025-06-16
2025-06-16 12:52:32.327661,681.0,1,680.0,11,681.0,13,1,2357,2025-06-16
2025-06-16 12:52:32.328396,681.0,1,680.0,11,681.0,12,1,2357,2025-06-16
2025-06-16 12:52:33.955872,680.0,1,680.0,10,681.0,12,2,2357,2025-06-16
2025-06-16 12:52:38.391647,680.0,1,680.0,9,681.0,12,2,2357,2025-06-16
2025-06-16 12:53:13.748523,680.0,1,680.0,8,681.0,15,2,2357,2025-06-16
2025-06-16 12:53:16.673685,681.0,1,680.0,8,681.0,15,1,2357,2025-06-16
2025-06-16 12:53:25.199242,681.0,1,680.0,8,681.0,14,1,2357,2025-06-16
2025-06-16 12:53:25.478722,681.0,1,680.0,8,681.0,13,1,2357,2025-06-16
2025-06-16 12:53:33.215741,680.0,3,680.0,5,681.0,13,2,2357,2025-06-16
2025-06-16 12:53:54.382523,680.0,1,680.0,4,681.0,13,2,2357,2025-06-16
2025-06-16 12:54:06.755179,680.0,1,680.0,6,681.0,14,2,2357,2025-06-16
2025-06-16 12:54:18.418206,680.0,1,680.0,5,681.0,13,2,2357,2025-06-16
2025-06-16 12:54:33.648325,680.0,1,680.0,5,681.0,13,2,2357,2025-06-16
2025-06-16 12:54:40.873724,681.0,1,680.0,5,681.0,12,1,2357,2025-06-16
2025-06-16 12:54:51.251384,681.0,1,680.0,5,681.0,11,1,2357,2025-06-16
2025-06-16 12:55:02.021065,681.0,1,680.0,5,681.0,10,1,2357,2025-06-16
2025-06-16 12:55:13.834466,680.0,1,680.0,5,681.0,11,2,2357,2025-06-16
2025-06-16 12:55:34.568533,680.0,1,680.0,11,681.0,13,2,2357,2025-06-16
2025-06-16 12:55:53.968026,680.0,1,680.0,10,681.0,14,2,2357,2025-06-16
2025-06-16 12:55:56.629088,681.0,1,680.0,4,681.0,13,1,2357,2025-06-16
2025-06-16 12:56:20.673396,681.0,1,680.0,9,681.0,16,1,2357,2025-06-16
2025-06-16 12:56:34.465912,680.0,1,680.0,8,681.0,16,2,2357,2025-06-16
2025-06-16 12:57:02.022402,680.0,1,680.0,7,681.0,18,2,2357,2025-06-16
2025-06-16 12:57:06.953244,681.0,1,680.0,7,681.0,17,1,2357,2025-06-16
2025-06-16 12:57:08.478130,681.0,1,680.0,7,681.0,16,1,2357,2025-06-16
2025-06-16 12:57:12.487183,681.0,1,680.0,7,681.0,15,1,2357,2025-06-16
2025-06-16 12:57:14.296578,680.0,1,680.0,6,681.0,15,2,2357,2025-06-16
2025-06-16 12:57:16.244817,681.0,1,680.0,6,681.0,14,1,2357,2025-06-16
2025-06-16 12:57:45.848469,680.0,2,680.0,4,681.0,15,2,2357,2025-06-16
2025-06-16 12:57:53.875561,680.0,1,680.0,3,681.0,16,2,2357,2025-06-16
2025-06-16 12:58:15.300574,680.0,1,680.0,4,681.0,15,2,2357,2025-06-16
2025-06-16 12:58:28.294991,681.0,1,680.0,4,681.0,14,1,2357,2025-06-16
2025-06-16 12:58:29.615760,680.0,1,680.0,3,681.0,14,2,2357,2025-06-16
2025-06-16 12:58:34.568194,680.0,1,680.0,2,681.0,14,2,2357,2025-06-16
2025-06-16 12:59:00.806196,681.0,1,680.0,2,681.0,14,1,2357,2025-06-16
2025-06-16 12:59:10.037213,681.0,1,680.0,2,681.0,13,1,2357,2025-06-16
2025-06-16 12:59:13.864258,680.0,1,680.0,4,681.0,13,2,2357,2025-06-16
2025-06-16 12:59:25.672850,681.0,1,680.0,4,681.0,10,1,2357,2025-06-16
2025-06-16 12:59:42.242474,681.0,1,680.0,6,681.0,10,1,2357,2025-06-16
2025-06-16 12:59:45.095354,681.0,1,680.0,10,681.0,8,1,2357,2025-06-16
2025-06-16 12:59:54.523831,680.0,1,680.0,9,681.0,8,2,2357,2025-06-16
2025-06-16 12:59:58.083195,680.0,1,680.0,8,681.0,9,2,2357,2025-06-16
2025-06-16 13:00:00.686447,681.0,1,680.0,10,681.0,8,1,2357,2025-06-16
2025-06-16 13:00:16.307275,681.0,3,680.0,26,681.0,4,1,2357,2025-06-16
2025-06-16 13:00:16.327747,681.0,2,680.0,26,681.0,2,1,2357,2025-06-16
2025-06-16 13:00:16.327830,681.0,1,680.0,24,681.0,1,1,2357,2025-06-16
2025-06-16 13:00:16.348526,681.0,1,681.0,1,682.0,17,1,2357,2025-06-16
2025-06-16 13:00:34.200709,681.0,1,681.0,17,682.0,19,2,2357,2025-06-16
2025-06-16 13:00:34.271905,681.0,1,681.0,16,682.0,19,2,2357,2025-06-16
2025-06-16 13:00:45.252735,681.0,1,681.0,15,682.0,21,2,2357,2025-06-16
2025-06-16 13:01:00.872348,682.0,1,681.0,15,682.0,22,1,2357,2025-06-16
2025-06-16 13:01:13.502843,681.0,1,681.0,14,682.0,23,2,2357,2025-06-16
2025-06-16 13:01:25.798054,681.0,1,681.0,13,682.0,23,2,2357,2025-06-16
2025-06-16 13:01:26.299989,681.0,1,681.0,12,682.0,23,2,2357,2025-06-16
2025-06-16 13:01:27.873982,681.0,1,681.0,1,682.0,24,2,2357,2025-06-16
2025-06-16 13:01:41.577821,681.0,1,680.0,20,681.0,2,1,2357,2025-06-16
2025-06-16 13:01:41.577902,681.0,1,680.0,20,681.0,1,1,2357,2025-06-16
2025-06-16 13:01:54.098522,680.0,1,680.0,21,681.0,4,2,2357,2025-06-16
2025-06-16 13:01:57.213615,681.0,1,680.0,21,681.0,6,1,2357,2025-06-16
2025-06-16 13:02:08.252240,681.0,1,680.0,22,681.0,6,1,2357,2025-06-16
2025-06-16 13:02:16.729760,681.0,1,680.0,22,681.0,5,1,2357,2025-06-16
2025-06-16 13:02:34.741422,680.0,1,680.0,21,681.0,8,2,2357,2025-06-16
2025-06-16 13:02:38.300367,681.0,2,680.0,21,681.0,6,1,2357,2025-06-16
2025-06-16 13:02:51.213930,681.0,1,680.0,21,681.0,5,1,2357,2025-06-16
2025-06-16 13:02:53.708122,681.0,1,680.0,21,681.0,2,1,2357,2025-06-16
2025-06-16 13:02:54.264604,680.0,1,680.0,20,681.0,2,2,2357,2025-06-16
2025-06-16 13:03:04.729712,680.0,1,680.0,19,681.0,9,2,2357,2025-06-16
2025-06-16 13:03:13.556732,680.0,1,680.0,17,681.0,9,2,2357,2025-06-16
2025-06-16 13:03:18.058031,681.0,1,680.0,17,681.0,8,1,2357,2025-06-16
2025-06-16 13:03:32.504369,681.0,1,680.0,18,681.0,7,1,2357,2025-06-16
2025-06-16 13:03:46.211160,681.0,1,680.0,18,681.0,8,1,2357,2025-06-16
2025-06-16 13:03:54.139708,680.0,1,680.0,17,681.0,8,2,2357,2025-06-16
2025-06-16 13:04:21.510931,680.0,1,680.0,17,681.0,8,2,2357,2025-06-16
2025-06-16 13:04:33.342224,680.0,1,680.0,16,681.0,9,2,2357,2025-06-16
2025-06-16 13:04:34.252551,681.0,1,680.0,16,681.0,8,1,2357,2025-06-16
2025-06-16 13:04:34.381287,680.0,1,680.0,15,681.0,8,2,2357,2025-06-16
2025-06-16 13:04:41.210887,681.0,1,680.0,16,681.0,7,1,2357,2025-06-16
2025-06-16 13:04:48.392280,681.0,1,680.0,16,681.0,7,1,2357,2025-06-16
2025-06-16 13:04:51.677335,680.0,1,680.0,15,681.0,6,2,2357,2025-06-16
2025-06-16 13:05:13.956642,680.0,1,680.0,15,681.0,7,2,2357,2025-06-16
2025-06-16 13:05:26.888692,680.0,1,680.0,16,681.0,7,2,2357,2025-06-16
2025-06-16 13:05:36.210531,681.0,1,680.0,16,681.0,5,1,2357,2025-06-16
2025-06-16 13:05:49.680558,680.0,1,680.0,15,681.0,5,2,2357,2025-06-16
2025-06-16 13:05:54.176957,680.0,1,680.0,14,681.0,5,2,2357,2025-06-16
2025-06-16 13:06:04.124986,681.0,1,680.0,15,681.0,6,1,2357,2025-06-16
2025-06-16 13:06:16.178832,681.0,1,680.0,15,681.0,7,1,2357,2025-06-16
2025-06-16 13:06:31.209853,681.0,1,680.0,15,681.0,6,1,2357,2025-06-16
2025-06-16 13:06:34.006449,680.0,1,680.0,14,681.0,7,2,2357,2025-06-16
2025-06-16 13:06:59.259867,681.0,1,680.0,16,681.0,8,1,2357,2025-06-16
2025-06-16 13:07:14.635322,680.0,1,680.0,15,681.0,10,2,2357,2025-06-16
2025-06-16 13:07:17.992210,680.0,1,680.0,14,681.0,10,2,2357,2025-06-16
2025-06-16 13:07:20.886715,681.0,1,680.0,14,681.0,9,1,2357,2025-06-16
2025-06-16 13:07:27.078256,681.0,1,680.0,14,681.0,9,1,2357,2025-06-16
2025-06-16 13:07:27.210602,681.0,1,680.0,14,681.0,8,1,2357,2025-06-16
2025-06-16 13:07:53.586502,680.0,1,680.0,18,681.0,8,2,2357,2025-06-16
2025-06-16 13:07:53.795827,680.0,1,680.0,17,681.0,8,2,2357,2025-06-16
2025-06-16 13:08:12.954413,680.0,2,680.0,19,681.0,8,2,2357,2025-06-16
2025-06-16 13:08:22.210176,681.0,1,680.0,19,681.0,7,1,2357,2025-06-16
2025-06-16 13:08:33.985106,680.0,1,680.0,18,681.0,7,2,2357,2025-06-16
2025-06-16 13:08:36.776269,681.0,1,680.0,21,681.0,6,1,2357,2025-06-16
2025-06-16 13:08:42.138692,681.0,1,680.0,18,681.0,6,1,2357,2025-06-16
2025-06-16 13:08:47.324758,680.0,1,680.0,17,681.0,6,2,2357,2025-06-16
2025-06-16 13:08:50.386152,680.0,1,680.0,16,681.0,6,2,2357,2025-06-16
2025-06-16 13:09:14.036675,680.0,1,680.0,16,681.0,9,2,2357,2025-06-16
2025-06-16 13:09:17.210551,681.0,1,680.0,16,681.0,8,1,2357,2025-06-16
2025-06-16 13:09:25.262342,681.0,1,680.0,11,681.0,6,1,2357,2025-06-16
2025-06-16 13:09:52.547166,681.0,1,680.0,11,681.0,5,1,2357,2025-06-16
2025-06-16 13:09:54.638034,680.0,1,680.0,10,681.0,5,2,2357,2025-06-16
2025-06-16 13:10:12.209379,681.0,1,680.0,12,681.0,4,1,2357,2025-06-16
2025-06-16 13:10:14.220241,680.0,1,680.0,11,681.0,4,2,2357,2025-06-16
2025-06-16 13:10:34.077101,680.0,1,680.0,10,681.0,4,2,2357,2025-06-16
2025-06-16 13:10:43.428854,681.0,2,680.0,10,681.0,2,1,2357,2025-06-16
2025-06-16 13:10:50.801105,681.0,1,680.0,12,681.0,2,1,2357,2025-06-16
2025-06-16 13:10:50.801815,681.0,1,680.0,12,681.0,1,1,2357,2025-06-16
2025-06-16 13:11:07.210954,681.0,1,680.0,12,682.0,16,1,2357,2025-06-16
2025-06-16 13:11:08.292536,682.0,1,680.0,12,682.0,17,1,2357,2025-06-16
2025-06-16 13:11:13.818988,680.0,1,680.0,11,682.0,18,2,2357,2025-06-16
2025-06-16 13:11:35.097113,682.0,1,680.0,11,682.0,20,1,2357,2025-06-16
2025-06-16 13:11:42.804962,681.0,1,681.0,2,682.0,19,2,2357,2025-06-16
2025-06-16 13:11:51.260987,682.0,1,681.0,2,682.0,19,1,2357,2025-06-16
2025-06-16 13:11:54.456218,681.0,1,681.0,2,682.0,20,2,2357,2025-06-16
2025-06-16 13:12:02.211005,682.0,1,681.0,2,682.0,20,1,2357,2025-06-16
2025-06-16 13:12:16.586762,681.0,3,680.0,8,682.0,20,2,2357,2025-06-16
2025-06-16 13:12:24.028556,682.0,1,680.0,8,682.0,20,1,2357,2025-06-16
2025-06-16 13:12:34.480474,680.0,1,680.0,7,682.0,20,2,2357,2025-06-16
2025-06-16 13:12:55.664975,681.0,1,680.0,7,682.0,22,2,2357,2025-06-16
2025-06-16 13:12:58.210016,682.0,1,680.0,7,682.0,21,1,2357,2025-06-16
2025-06-16 13:13:04.617478,680.0,1,680.0,8,682.0,21,2,2357,2025-06-16
2025-06-16 13:13:10.858348,680.0,1,680.0,7,682.0,21,2,2357,2025-06-16
2025-06-16 13:13:14.094676,680.0,1,680.0,6,682.0,21,2,2357,2025-06-16
2025-06-16 13:13:40.812945,682.0,1,681.0,2,682.0,21,1,2357,2025-06-16
2025-06-16 13:13:51.312256,682.0,1,681.0,2,682.0,20,1,2357,2025-06-16
2025-06-16 13:13:54.490990,681.0,1,681.0,1,682.0,20,2,2357,2025-06-16
2025-06-16 13:14:17.263024,682.0,1,681.0,1,682.0,21,1,2357,2025-06-16
2025-06-16 13:14:34.712363,681.0,1,681.0,1,682.0,21,2,2357,2025-06-16
2025-06-16 13:14:37.857188,681.0,1,680.0,12,682.0,21,2,2357,2025-06-16
2025-06-16 13:14:38.409397,680.0,1,680.0,11,682.0,21,2,2357,2025-06-16
2025-06-16 13:14:56.605014,682.0,1,680.0,12,682.0,20,1,2357,2025-06-16
2025-06-16 13:15:00.399933,680.0,1,680.0,11,682.0,20,2,2357,2025-06-16
2025-06-16 13:15:00.578482,680.0,1,680.0,10,682.0,20,2,2357,2025-06-16
2025-06-16 13:15:14.365808,680.0,1,680.0,10,682.0,19,2,2357,2025-06-16
2025-06-16 13:15:25.426315,682.0,1,680.0,11,682.0,19,1,2357,2025-06-16
2025-06-16 13:15:43.209584,682.0,1,680.0,11,682.0,18,1,2357,2025-06-16
2025-06-16 13:15:44.115918,682.0,1,680.0,11,682.0,17,1,2357,2025-06-16
2025-06-16 13:15:54.088526,680.0,1,680.0,10,682.0,19,2,2357,2025-06-16
2025-06-16 13:15:56.315626,682.0,1,680.0,10,682.0,18,1,2357,2025-06-16
2025-06-16 13:16:06.488314,681.0,1,681.0,1,682.0,18,2,2357,2025-06-16
2025-06-16 13:16:09.147930,681.0,1,680.0,13,682.0,17,2,2357,2025-06-16
2025-06-16 13:16:12.359488,682.0,1,680.0,13,682.0,16,1,2357,2025-06-16
2025-06-16 13:16:33.770499,680.0,1,680.0,13,682.0,19,2,2357,2025-06-16
2025-06-16 13:16:42.261632,682.0,1,680.0,13,682.0,18,1,2357,2025-06-16
2025-06-16 13:17:28.125159,682.0,2,681.0,4,682.0,21,1,2357,2025-06-16
2025-06-16 13:17:34.343694,681.0,1,681.0,3,682.0,21,2,2357,2025-06-16
2025-06-16 13:17:44.886892,681.0,1,681.0,2,682.0,21,2,2357,2025-06-16
2025-06-16 13:17:53.973289,681.0,1,681.0,1,682.0,21,2,2357,2025-06-16
2025-06-16 13:18:09.025458,681.0,2,681.0,1,682.0,21,2,2357,2025-06-16
2025-06-16 13:18:20.444835,681.0,1,680.0,12,682.0,21,2,2357,2025-06-16
2025-06-16 13:18:27.064785,680.0,1,680.0,10,682.0,21,2,2357,2025-06-16
2025-06-16 13:18:34.143131,680.0,1,680.0,9,681.0,1,2,2357,2025-06-16
2025-06-16 13:18:43.940675,681.0,1,680.0,10,681.0,3,1,2357,2025-06-16
2025-06-16 13:18:44.987510,681.0,1,680.0,10,681.0,5,1,2357,2025-06-16
2025-06-16 13:18:46.131930,681.0,1,680.0,9,681.0,6,1,2357,2025-06-16
2025-06-16 13:19:01.479566,680.0,1,680.0,12,681.0,13,2,2357,2025-06-16
2025-06-16 13:19:08.261701,681.0,1,680.0,12,681.0,12,1,2357,2025-06-16
2025-06-16 13:19:14.019630,680.0,1,680.0,11,681.0,13,2,2357,2025-06-16
2025-06-16 13:19:18.596908,680.0,1,680.0,10,681.0,13,2,2357,2025-06-16
2025-06-16 13:19:45.177766,680.0,1,680.0,9,681.0,15,2,2357,2025-06-16
2025-06-16 13:19:52.132574,681.0,1,680.0,9,681.0,14,1,2357,2025-06-16
2025-06-16 13:19:55.450479,680.0,1,680.0,8,681.0,14,2,2357,2025-06-16
2025-06-16 13:20:00.666732,681.0,1,680.0,8,681.0,14,1,2357,2025-06-16
2025-06-16 13:20:22.267862,680.0,1,680.0,8,681.0,14,2,2357,2025-06-16
2025-06-16 13:20:27.049900,680.0,1,680.0,7,681.0,14,2,2357,2025-06-16
2025-06-16 13:20:31.570009,680.0,1,680.0,7,681.0,14,2,2357,2025-06-16
2025-06-16 13:20:33.801070,680.0,1,680.0,6,681.0,14,2,2357,2025-06-16
2025-06-16 13:20:37.729300,680.0,1,680.0,5,681.0,13,2,2357,2025-06-16
2025-06-16 13:20:39.264809,680.0,1,680.0,4,681.0,13,2,2357,2025-06-16
2025-06-16 13:20:52.409434,680.0,5,679.0,32,680.0,10,2,2357,2025-06-16
2025-06-16 13:20:55.688991,680.0,1,679.0,38,680.0,13,1,2357,2025-06-16
2025-06-16 13:21:00.217827,680.0,3,679.0,38,680.0,11,1,2357,2025-06-16
2025-06-16 13:21:00.237107,680.0,6,679.0,38,680.0,5,1,2357,2025-06-16
2025-06-16 13:21:10.541240,680.0,3,679.0,38,680.0,6,1,2357,2025-06-16
2025-06-16 13:21:10.566489,680.0,3,679.0,38,680.0,3,1,2357,2025-06-16
2025-06-16 13:21:10.569456,680.0,2,679.0,38,680.0,1,1,2357,2025-06-16
2025-06-16 13:21:10.588937,680.0,1,679.0,39,681.0,2,1,2357,2025-06-16
2025-06-16 13:21:14.440309,679.0,1,679.0,38,681.0,5,2,2357,2025-06-16
2025-06-16 13:21:34.260869,681.0,1,680.0,10,681.0,5,1,2357,2025-06-16
2025-06-16 13:21:54.049507,680.0,1,680.0,7,681.0,4,2,2357,2025-06-16
2025-06-16 13:21:58.155615,680.0,1,680.0,5,681.0,5,2,2357,2025-06-16
2025-06-16 13:22:26.903541,681.0,8,680.0,7,682.0,6,1,2357,2025-06-16
2025-06-16 13:22:34.255942,680.0,1,680.0,6,682.0,7,2,2357,2025-06-16
2025-06-16 13:23:04.215430,681.0,1,680.0,9,681.0,1,1,2357,2025-06-16
2025-06-16 13:23:14.497603,680.0,1,680.0,8,681.0,1,2,2357,2025-06-16
2025-06-16 13:23:25.548937,681.0,1,680.0,9,682.0,8,1,2357,2025-06-16
2025-06-16 13:23:25.861231,680.0,1,680.0,8,682.0,8,2,2357,2025-06-16
2025-06-16 13:23:34.996787,680.0,2,680.0,6,682.0,10,2,2357,2025-06-16
2025-06-16 13:23:54.195162,680.0,1,680.0,6,682.0,10,2,2357,2025-06-16
2025-06-16 13:24:00.150245,682.0,1,680.0,6,682.0,9,1,2357,2025-06-16
2025-06-16 13:24:00.217446,682.0,1,680.0,6,682.0,8,1,2357,2025-06-16
2025-06-16 13:24:00.272453,682.0,1,680.0,10,682.0,7,1,2357,2025-06-16
2025-06-16 13:24:00.491669,680.0,3,680.0,7,682.0,7,2,2357,2025-06-16
2025-06-16 13:24:00.691134,682.0,1,680.0,7,682.0,6,1,2357,2025-06-16
2025-06-16 13:24:00.830128,680.0,1,680.0,6,682.0,6,2,2357,2025-06-16
2025-06-16 13:24:02.982880,680.0,1,680.0,6,682.0,4,2,2357,2025-06-16
2025-06-16 13:24:03.161271,680.0,1,680.0,5,682.0,4,2,2357,2025-06-16
2025-06-16 13:24:03.575893,680.0,1,680.0,4,682.0,4,2,2357,2025-06-16
2025-06-16 13:24:03.748357,680.0,1,680.0,1,682.0,4,2,2357,2025-06-16
2025-06-16 13:24:07.974347,680.0,1,680.0,1,682.0,4,2,2357,2025-06-16
2025-06-16 13:24:08.555453,680.0,1,679.0,31,682.0,4,2,2357,2025-06-16
2025-06-16 13:24:19.816033,679.0,1,679.0,30,682.0,4,2,2357,2025-06-16
2025-06-16 13:24:25.583007,682.0,1,679.0,25,682.0,3,1,2357,2025-06-16
2025-06-16 13:24:26.463526,679.0,1,679.0,24,682.0,3,2,2357,2025-06-16
2025-06-16 13:24:27.063343,682.0,1,679.0,23,682.0,2,1,2357,2025-06-16
2025-06-16 13:24:33.569950,679.0,1,679.0,23,682.0,2,2,2357,2025-06-16
2025-06-16 13:24:36.373475,679.0,1,679.0,22,682.0,1,2,2357,2025-06-16
2025-06-16 13:24:53.711453,680.0,1,680.0,2,682.0,2,2,2357,2025-06-16
2025-06-16 13:30:00.000000,683.0,296,682.0,2,683.0,37,1,2357,2025-06-16
