ts,close,volume,bid_price,bid_volume,ask_price,ask_volume,tick_type,code,date
2025-06-20 09:00:04.424754,705.0,32,705.0,10,707.0,2,0,2357,2025-06-20
2025-06-20 09:00:09.298968,707.0,1,705.0,15,707.0,2,1,2357,2025-06-20
2025-06-20 09:00:11.094686,705.0,15,704.0,12,707.0,4,2,2357,2025-06-20
2025-06-20 09:00:11.140896,704.0,12,703.0,25,706.0,2,2,2357,2025-06-20
2025-06-20 09:00:11.201865,704.0,1,703.0,26,706.0,4,2,2357,2025-06-20
2025-06-20 09:00:12.217407,703.0,2,703.0,30,705.0,5,2,2357,2025-06-20
2025-06-20 09:00:13.389262,703.0,1,703.0,29,705.0,6,2,2357,2025-06-20
2025-06-20 09:00:34.226666,703.0,1,703.0,27,704.0,13,2,2357,2025-06-20
2025-06-20 09:01:06.867991,703.0,1,703.0,28,704.0,17,2,2357,2025-06-20
2025-06-20 09:01:08.969000,703.0,1,703.0,27,704.0,17,2,2357,2025-06-20
2025-06-20 09:01:16.131686,703.0,1,703.0,26,704.0,17,2,2357,2025-06-20
2025-06-20 09:01:45.530970,704.0,1,703.0,35,704.0,16,1,2357,2025-06-20
2025-06-20 09:01:45.554272,704.0,3,703.0,35,704.0,13,1,2357,2025-06-20
2025-06-20 09:01:45.587803,704.0,13,703.0,35,705.0,6,1,2357,2025-06-20
2025-06-20 09:01:45.628068,704.0,1,704.0,5,705.0,6,2,2357,2025-06-20
2025-06-20 09:01:45.638631,704.0,2,704.0,3,705.0,5,2,2357,2025-06-20
2025-06-20 09:01:45.821264,705.0,1,704.0,6,705.0,4,1,2357,2025-06-20
2025-06-20 09:01:46.529934,705.0,4,704.0,10,706.0,12,1,2357,2025-06-20
2025-06-20 09:01:56.894090,706.0,3,705.0,7,706.0,5,1,2357,2025-06-20
2025-06-20 09:01:56.908881,706.0,5,705.0,7,707.0,6,1,2357,2025-06-20
2025-06-20 09:01:57.593156,707.0,1,705.0,11,707.0,2,1,2357,2025-06-20
2025-06-20 09:01:58.182298,705.0,3,705.0,11,707.0,2,2,2357,2025-06-20
2025-06-20 09:02:09.295715,706.0,2,705.0,13,707.0,2,1,2357,2025-06-20
2025-06-20 09:02:09.354459,707.0,1,706.0,2,708.0,5,1,2357,2025-06-20
2025-06-20 09:02:10.506480,707.0,1,706.0,6,708.0,6,1,2357,2025-06-20
2025-06-20 09:02:25.976176,707.0,1,707.0,4,708.0,4,2,2357,2025-06-20
2025-06-20 09:02:34.531196,707.0,1,707.0,3,708.0,6,2,2357,2025-06-20
2025-06-20 09:02:34.565380,707.0,3,706.0,3,708.0,7,2,2357,2025-06-20
2025-06-20 09:02:37.969352,708.0,1,707.0,1,708.0,5,1,2357,2025-06-20
2025-06-20 09:02:40.816725,707.0,1,707.0,1,708.0,3,2,2357,2025-06-20
2025-06-20 09:02:41.103549,707.0,1,707.0,1,708.0,4,2,2357,2025-06-20
2025-06-20 09:02:59.502712,708.0,5,707.0,2,708.0,1,1,2357,2025-06-20
2025-06-20 09:03:04.117227,707.0,1,707.0,1,708.0,2,2,2357,2025-06-20
2025-06-20 09:03:14.169571,708.0,2,707.0,2,709.0,27,1,2357,2025-06-20
2025-06-20 09:03:20.942507,707.0,1,707.0,2,708.0,2,2,2357,2025-06-20
2025-06-20 09:03:20.987396,707.0,1,707.0,1,708.0,3,2,2357,2025-06-20
2025-06-20 09:03:20.999376,707.0,1,706.0,3,708.0,3,2,2357,2025-06-20
2025-06-20 09:03:21.395278,707.0,1,706.0,3,708.0,5,2,2357,2025-06-20
2025-06-20 09:03:30.258144,708.0,8,707.0,3,708.0,7,1,2357,2025-06-20
2025-06-20 09:03:37.069307,708.0,3,707.0,6,708.0,4,1,2357,2025-06-20
2025-06-20 09:03:38.026885,708.0,1,707.0,6,708.0,3,1,2357,2025-06-20
2025-06-20 09:03:51.250486,708.0,1,707.0,6,708.0,2,1,2357,2025-06-20
2025-06-20 09:03:52.504107,708.0,1,707.0,5,708.0,1,1,2357,2025-06-20
2025-06-20 09:03:54.241198,708.0,1,707.0,5,709.0,30,1,2357,2025-06-20
2025-06-20 09:04:05.048127,709.0,14,708.0,2,709.0,19,1,2357,2025-06-20
2025-06-20 09:04:14.146308,708.0,1,708.0,3,709.0,17,2,2357,2025-06-20
2025-06-20 09:04:19.711664,708.0,1,708.0,3,709.0,27,2,2357,2025-06-20
2025-06-20 09:04:39.431330,709.0,1,708.0,10,709.0,27,1,2357,2025-06-20
2025-06-20 09:04:39.550551,709.0,1,708.0,10,709.0,26,1,2357,2025-06-20
2025-06-20 09:05:03.996998,708.0,2,708.0,9,709.0,24,2,2357,2025-06-20
2025-06-20 09:05:10.417689,709.0,1,708.0,10,709.0,23,1,2357,2025-06-20
2025-06-20 09:05:15.865829,709.0,1,708.0,12,709.0,22,1,2357,2025-06-20
2025-06-20 09:05:39.317834,708.0,1,708.0,12,709.0,24,2,2357,2025-06-20
2025-06-20 09:05:39.834527,709.0,1,708.0,12,709.0,23,1,2357,2025-06-20
2025-06-20 09:05:46.044310,709.0,1,708.0,12,709.0,23,1,2357,2025-06-20
2025-06-20 09:05:51.061469,708.0,1,708.0,11,709.0,23,2,2357,2025-06-20
2025-06-20 09:06:06.196663,708.0,10,707.0,2,709.0,24,2,2357,2025-06-20
2025-06-20 09:06:06.261155,708.0,1,707.0,2,709.0,29,1,2357,2025-06-20
2025-06-20 09:06:10.036683,708.0,2,707.0,15,709.0,24,1,2357,2025-06-20
2025-06-20 09:06:10.160649,709.0,2,708.0,2,709.0,22,1,2357,2025-06-20
2025-06-20 09:06:28.313938,708.0,6,707.0,15,709.0,38,2,2357,2025-06-20
2025-06-20 09:06:29.821927,708.0,1,707.0,6,709.0,39,2,2357,2025-06-20
2025-06-20 09:06:33.707435,708.0,1,707.0,2,709.0,39,2,2357,2025-06-20
2025-06-20 09:06:47.651648,707.0,2,706.0,4,708.0,4,2,2357,2025-06-20
2025-06-20 09:07:28.985861,706.0,1,706.0,6,708.0,13,2,2357,2025-06-20
2025-06-20 09:07:45.620653,706.0,1,706.0,5,707.0,11,2,2357,2025-06-20
2025-06-20 09:07:53.761330,707.0,1,706.0,5,707.0,10,1,2357,2025-06-20
2025-06-20 09:08:05.033646,707.0,1,706.0,6,707.0,9,1,2357,2025-06-20
2025-06-20 09:08:11.586602,706.0,1,706.0,5,707.0,9,2,2357,2025-06-20
2025-06-20 09:08:31.438086,707.0,2,706.0,5,707.0,12,1,2357,2025-06-20
2025-06-20 09:08:35.842524,706.0,1,706.0,4,707.0,13,2,2357,2025-06-20
2025-06-20 09:08:53.301914,706.0,4,705.0,15,707.0,15,2,2357,2025-06-20
2025-06-20 09:09:01.214006,706.0,1,705.0,16,707.0,16,2,2357,2025-06-20
2025-06-20 09:09:47.388619,706.0,1,706.0,4,707.0,14,2,2357,2025-06-20
2025-06-20 09:09:49.641740,706.0,1,706.0,3,707.0,15,2,2357,2025-06-20
2025-06-20 09:10:01.016776,706.0,1,706.0,5,707.0,15,2,2357,2025-06-20
2025-06-20 09:10:04.364403,706.0,5,705.0,16,707.0,15,2,2357,2025-06-20
2025-06-20 09:10:09.392289,705.0,4,705.0,16,707.0,15,2,2357,2025-06-20
2025-06-20 09:10:18.525926,705.0,16,704.0,6,705.0,4,2,2357,2025-06-20
2025-06-20 09:10:18.566257,705.0,3,704.0,4,705.0,4,1,2357,2025-06-20
2025-06-20 09:10:20.768383,705.0,1,704.0,5,705.0,4,1,2357,2025-06-20
2025-06-20 09:10:29.004145,704.0,2,704.0,3,705.0,6,2,2357,2025-06-20
2025-06-20 09:10:31.666588,705.0,1,704.0,3,705.0,5,1,2357,2025-06-20
2025-06-20 09:10:36.845512,704.0,1,704.0,2,705.0,5,2,2357,2025-06-20
2025-06-20 09:10:49.604377,704.0,2,704.0,7,705.0,6,2,2357,2025-06-20
2025-06-20 09:10:52.424334,704.0,1,704.0,7,705.0,6,2,2357,2025-06-20
2025-06-20 09:11:03.513075,704.0,1,704.0,7,705.0,5,2,2357,2025-06-20
2025-06-20 09:12:10.435535,704.0,1,704.0,6,705.0,5,2,2357,2025-06-20
2025-06-20 09:12:11.113387,704.0,1,704.0,5,705.0,5,2,2357,2025-06-20
2025-06-20 09:12:48.997879,704.0,4,704.0,1,705.0,10,2,2357,2025-06-20
2025-06-20 09:12:48.998046,704.0,1,703.0,27,704.0,1,2,2357,2025-06-20
2025-06-20 09:12:49.030763,704.0,1,703.0,27,705.0,7,1,2357,2025-06-20
2025-06-20 09:12:49.114670,704.0,1,703.0,27,705.0,5,2,2357,2025-06-20
2025-06-20 09:12:50.654809,704.0,6,703.0,35,704.0,4,1,2357,2025-06-20
2025-06-20 09:12:50.689447,704.0,2,703.0,35,704.0,2,1,2357,2025-06-20
2025-06-20 09:12:50.689468,704.0,2,704.0,1,705.0,3,1,2357,2025-06-20
2025-06-20 09:12:50.702400,704.0,2,703.0,35,705.0,3,2,2357,2025-06-20
2025-06-20 09:13:09.564732,705.0,1,704.0,5,705.0,3,1,2357,2025-06-20
2025-06-20 09:13:09.588702,705.0,1,704.0,5,705.0,2,1,2357,2025-06-20
2025-06-20 09:13:09.617332,705.0,1,704.0,6,705.0,1,1,2357,2025-06-20
2025-06-20 09:13:12.491391,704.0,2,704.0,4,705.0,1,2,2357,2025-06-20
2025-06-20 09:13:17.506618,704.0,2,704.0,2,705.0,1,2,2357,2025-06-20
2025-06-20 09:13:44.372196,704.0,1,704.0,3,705.0,2,2,2357,2025-06-20
2025-06-20 09:14:47.823328,705.0,1,704.0,9,705.0,2,1,2357,2025-06-20
2025-06-20 09:14:47.857536,705.0,1,704.0,7,706.0,5,1,2357,2025-06-20
2025-06-20 09:14:47.954553,705.0,1,705.0,1,706.0,6,2,2357,2025-06-20
2025-06-20 09:15:14.130472,705.0,1,704.0,8,705.0,1,1,2357,2025-06-20
2025-06-20 09:15:14.150726,705.0,1,704.0,8,706.0,11,1,2357,2025-06-20
2025-06-20 09:15:31.124316,706.0,1,704.0,9,706.0,5,1,2357,2025-06-20
2025-06-20 09:15:43.398064,705.0,1,704.0,9,706.0,4,1,2357,2025-06-20
2025-06-20 09:15:47.459276,706.0,1,704.0,9,706.0,3,1,2357,2025-06-20
2025-06-20 09:16:45.637966,706.0,9,705.0,2,706.0,1,1,2357,2025-06-20
2025-06-20 09:16:46.017357,705.0,2,704.0,7,706.0,2,2,2357,2025-06-20
2025-06-20 09:16:52.747582,704.0,1,704.0,5,706.0,6,2,2357,2025-06-20
2025-06-20 09:16:52.774818,704.0,1,704.0,4,706.0,7,2,2357,2025-06-20
2025-06-20 09:18:25.340219,705.0,1,704.0,7,705.0,1,1,2357,2025-06-20
2025-06-20 09:18:32.166170,704.0,1,704.0,6,705.0,1,2,2357,2025-06-20
2025-06-20 09:18:44.995451,704.0,5,703.0,18,705.0,13,2,2357,2025-06-20
2025-06-20 09:19:07.769034,704.0,1,703.0,19,705.0,8,1,2357,2025-06-20
2025-06-20 09:20:01.220940,703.0,1,703.0,18,705.0,6,2,2357,2025-06-20
2025-06-20 09:20:34.762185,704.0,1,703.0,18,704.0,2,1,2357,2025-06-20
2025-06-20 09:20:41.464348,704.0,1,703.0,18,704.0,1,1,2357,2025-06-20
2025-06-20 09:21:52.716387,704.0,1,703.0,20,704.0,4,1,2357,2025-06-20
2025-06-20 09:22:02.794219,704.0,1,703.0,20,704.0,4,1,2357,2025-06-20
2025-06-20 09:22:11.621560,703.0,1,703.0,19,704.0,4,2,2357,2025-06-20
2025-06-20 09:22:25.201575,703.0,1,703.0,19,704.0,7,2,2357,2025-06-20
2025-06-20 09:22:25.774084,703.0,2,703.0,17,704.0,9,2,2357,2025-06-20
2025-06-20 09:22:25.808262,703.0,17,702.0,4,704.0,9,2,2357,2025-06-20
2025-06-20 09:23:08.319575,702.0,1,702.0,3,703.0,9,2,2357,2025-06-20
2025-06-20 09:23:10.874774,702.0,1,702.0,2,703.0,9,2,2357,2025-06-20
2025-06-20 09:23:14.426001,702.0,1,702.0,1,703.0,8,2,2357,2025-06-20
2025-06-20 09:23:19.546611,702.0,1,701.0,5,703.0,8,2,2357,2025-06-20
2025-06-20 09:23:25.152281,701.0,1,701.0,6,702.0,1,2,2357,2025-06-20
2025-06-20 09:23:33.864583,701.0,2,701.0,2,702.0,4,2,2357,2025-06-20
2025-06-20 09:23:41.199479,701.0,1,701.0,1,702.0,5,2,2357,2025-06-20
2025-06-20 09:23:47.098423,701.0,1,700.0,12,702.0,5,2,2357,2025-06-20
2025-06-20 09:23:52.016517,701.0,1,700.0,16,702.0,5,1,2357,2025-06-20
2025-06-20 09:23:58.772106,702.0,1,701.0,3,702.0,4,1,2357,2025-06-20
2025-06-20 09:24:05.428556,701.0,1,701.0,3,702.0,4,2,2357,2025-06-20
2025-06-20 09:24:42.060347,701.0,1,701.0,2,702.0,6,2,2357,2025-06-20
2025-06-20 09:24:46.599750,701.0,1,701.0,1,702.0,6,2,2357,2025-06-20
2025-06-20 09:24:56.621862,701.0,1,700.0,15,702.0,7,2,2357,2025-06-20
2025-06-20 09:25:05.626497,700.0,1,700.0,12,702.0,8,2,2357,2025-06-20
2025-06-20 09:25:26.767814,702.0,1,700.0,13,702.0,6,1,2357,2025-06-20
2025-06-20 09:25:28.905227,700.0,1,700.0,12,701.0,2,2,2357,2025-06-20
2025-06-20 09:25:44.516769,700.0,1,700.0,16,701.0,4,2,2357,2025-06-20
2025-06-20 09:25:47.154193,700.0,1,700.0,15,701.0,5,2,2357,2025-06-20
2025-06-20 09:25:50.634337,700.0,1,700.0,14,701.0,5,2,2357,2025-06-20
2025-06-20 09:26:02.514498,700.0,1,700.0,13,701.0,5,2,2357,2025-06-20
2025-06-20 09:26:04.294217,700.0,1,700.0,12,701.0,5,2,2357,2025-06-20
2025-06-20 09:26:09.618648,700.0,1,700.0,11,701.0,5,2,2357,2025-06-20
2025-06-20 09:26:10.169176,700.0,1,700.0,10,701.0,5,2,2357,2025-06-20
2025-06-20 09:26:16.527978,700.0,1,700.0,9,701.0,5,2,2357,2025-06-20
2025-06-20 09:26:40.991692,701.0,1,700.0,11,701.0,4,1,2357,2025-06-20
2025-06-20 09:26:42.596347,700.0,2,700.0,9,701.0,4,2,2357,2025-06-20
2025-06-20 09:26:47.127860,700.0,3,700.0,6,701.0,4,2,2357,2025-06-20
2025-06-20 09:26:51.425359,700.0,1,700.0,5,701.0,4,2,2357,2025-06-20
2025-06-20 09:26:53.774754,701.0,1,700.0,5,701.0,3,1,2357,2025-06-20
2025-06-20 09:27:15.615607,700.0,1,700.0,4,701.0,4,2,2357,2025-06-20
2025-06-20 09:27:33.697421,700.0,1,700.0,4,701.0,4,2,2357,2025-06-20
2025-06-20 09:27:35.404624,700.0,1,700.0,3,701.0,4,2,2357,2025-06-20
2025-06-20 09:27:43.370904,700.0,1,700.0,2,701.0,4,2,2357,2025-06-20
2025-06-20 09:27:45.486311,700.0,1,700.0,1,701.0,4,2,2357,2025-06-20
2025-06-20 09:28:01.414307,700.0,1,700.0,1,701.0,4,2,2357,2025-06-20
2025-06-20 09:28:12.160761,700.0,1,699.0,13,701.0,4,2,2357,2025-06-20
2025-06-20 09:28:50.763575,700.0,1,699.0,13,700.0,2,1,2357,2025-06-20
2025-06-20 09:28:50.866719,700.0,1,699.0,13,700.0,1,1,2357,2025-06-20
2025-06-20 09:30:05.233824,700.0,17,699.0,15,700.0,2,1,2357,2025-06-20
2025-06-20 09:30:05.305102,700.0,1,699.0,17,700.0,1,1,2357,2025-06-20
2025-06-20 09:30:17.764687,700.0,1,699.0,18,700.0,1,1,2357,2025-06-20
2025-06-20 09:30:23.208047,699.0,1,699.0,16,700.0,2,2,2357,2025-06-20
2025-06-20 09:30:43.720284,699.0,1,699.0,15,700.0,6,2,2357,2025-06-20
2025-06-20 09:31:01.444324,699.0,1,699.0,13,700.0,9,2,2357,2025-06-20
2025-06-20 09:31:20.480547,699.0,1,699.0,12,700.0,9,2,2357,2025-06-20
2025-06-20 09:31:20.724014,699.0,1,699.0,11,700.0,9,2,2357,2025-06-20
2025-06-20 09:31:44.950587,699.0,1,699.0,12,700.0,8,2,2357,2025-06-20
2025-06-20 09:31:45.771995,700.0,1,699.0,12,700.0,7,1,2357,2025-06-20
2025-06-20 09:31:50.957253,699.0,1,699.0,12,700.0,7,2,2357,2025-06-20
2025-06-20 09:32:11.984443,699.0,1,699.0,18,700.0,7,2,2357,2025-06-20
2025-06-20 09:32:12.198666,699.0,1,699.0,17,700.0,7,2,2357,2025-06-20
2025-06-20 09:32:28.930918,699.0,1,699.0,17,700.0,9,2,2357,2025-06-20
2025-06-20 09:32:36.301736,700.0,1,699.0,16,700.0,9,1,2357,2025-06-20
2025-06-20 09:32:39.665315,699.0,1,699.0,15,700.0,9,2,2357,2025-06-20
2025-06-20 09:32:47.458965,699.0,3,699.0,12,700.0,12,2,2357,2025-06-20
2025-06-20 09:32:47.459071,699.0,3,699.0,9,700.0,12,2,2357,2025-06-20
2025-06-20 09:32:47.485129,699.0,2,699.0,7,700.0,15,2,2357,2025-06-20
2025-06-20 09:32:52.921261,699.0,5,699.0,2,700.0,14,2,2357,2025-06-20
2025-06-20 09:32:55.351078,699.0,2,698.0,21,700.0,17,2,2357,2025-06-20
2025-06-20 09:32:59.054466,698.0,1,698.0,20,699.0,2,2,2357,2025-06-20
2025-06-20 09:33:00.935573,698.0,1,698.0,19,699.0,6,2,2357,2025-06-20
2025-06-20 09:33:26.769824,698.0,2,698.0,14,699.0,9,2,2357,2025-06-20
2025-06-20 09:33:35.296226,698.0,1,698.0,13,699.0,8,2,2357,2025-06-20
2025-06-20 09:33:41.766592,699.0,1,698.0,13,699.0,7,1,2357,2025-06-20
2025-06-20 09:33:48.143303,699.0,1,698.0,13,699.0,4,1,2357,2025-06-20
2025-06-20 09:33:57.894289,698.0,1,698.0,10,699.0,5,2,2357,2025-06-20
2025-06-20 09:34:00.943176,698.0,1,698.0,9,699.0,7,2,2357,2025-06-20
2025-06-20 09:34:01.298710,698.0,1,698.0,8,699.0,7,2,2357,2025-06-20
2025-06-20 09:34:04.615471,698.0,1,698.0,5,699.0,7,2,2357,2025-06-20
2025-06-20 09:34:07.702527,698.0,2,698.0,5,699.0,12,2,2357,2025-06-20
2025-06-20 09:34:08.957486,698.0,1,698.0,2,699.0,12,2,2357,2025-06-20
2025-06-20 09:34:17.915967,699.0,1,698.0,2,699.0,10,1,2357,2025-06-20
2025-06-20 09:34:27.726622,698.0,1,698.0,1,699.0,8,2,2357,2025-06-20
2025-06-20 09:34:28.151240,698.0,1,697.0,9,699.0,11,2,2357,2025-06-20
2025-06-20 09:35:01.070844,697.0,1,697.0,13,698.0,4,2,2357,2025-06-20
2025-06-20 09:35:01.115501,697.0,1,697.0,12,698.0,4,2,2357,2025-06-20
2025-06-20 09:35:08.776876,698.0,1,697.0,10,698.0,3,1,2357,2025-06-20
2025-06-20 09:35:27.032651,697.0,1,697.0,9,698.0,6,2,2357,2025-06-20
2025-06-20 09:35:31.177019,697.0,2,697.0,7,698.0,7,2,2357,2025-06-20
2025-06-20 09:35:32.389504,697.0,2,697.0,3,698.0,11,2,2357,2025-06-20
2025-06-20 09:35:42.282311,697.0,1,697.0,2,698.0,12,2,2357,2025-06-20
2025-06-20 09:36:12.500371,697.0,4,696.0,15,697.0,8,2,2357,2025-06-20
2025-06-20 09:36:29.958648,696.0,1,696.0,14,697.0,11,2,2357,2025-06-20
2025-06-20 09:36:36.771357,697.0,1,696.0,14,697.0,11,1,2357,2025-06-20
2025-06-20 09:36:54.933433,696.0,1,696.0,14,697.0,14,2,2357,2025-06-20
2025-06-20 09:36:56.045656,696.0,1,696.0,13,697.0,14,2,2357,2025-06-20
2025-06-20 09:36:57.769198,696.0,12,696.0,1,697.0,14,2,2357,2025-06-20
2025-06-20 09:36:57.832751,697.0,16,696.0,1,697.0,20,1,2357,2025-06-20
2025-06-20 09:37:02.456443,696.0,2,696.0,2,698.0,12,2,2357,2025-06-20
2025-06-20 09:37:45.115801,696.0,1,696.0,2,697.0,13,2,2357,2025-06-20
2025-06-20 09:37:53.370122,696.0,1,696.0,1,697.0,13,2,2357,2025-06-20
2025-06-20 09:38:01.833378,696.0,1,695.0,18,697.0,12,2,2357,2025-06-20
2025-06-20 09:38:04.450213,697.0,1,695.0,20,697.0,12,1,2357,2025-06-20
2025-06-20 09:38:23.945047,696.0,1,695.0,20,697.0,12,2,2357,2025-06-20
2025-06-20 09:38:26.709234,695.0,15,695.0,5,697.0,12,2,2357,2025-06-20
2025-06-20 09:38:32.814640,697.0,1,696.0,2,697.0,13,1,2357,2025-06-20
2025-06-20 09:38:33.448663,696.0,1,696.0,1,697.0,11,2,2357,2025-06-20
2025-06-20 09:38:50.965583,696.0,1,695.0,5,697.0,11,2,2357,2025-06-20
2025-06-20 09:38:55.700412,697.0,1,696.0,2,697.0,10,1,2357,2025-06-20
2025-06-20 09:38:56.566237,696.0,1,696.0,1,697.0,10,2,2357,2025-06-20
2025-06-20 09:39:05.579393,696.0,1,695.0,12,697.0,12,1,2357,2025-06-20
2025-06-20 09:39:10.210723,696.0,2,695.0,17,696.0,1,2,2357,2025-06-20
2025-06-20 09:39:10.247803,696.0,1,695.0,16,697.0,11,1,2357,2025-06-20
2025-06-20 09:39:17.108101,696.0,1,695.0,13,697.0,10,2,2357,2025-06-20
2025-06-20 09:39:31.243226,696.0,1,695.0,9,696.0,1,1,2357,2025-06-20
2025-06-20 09:39:34.973167,696.0,1,695.0,9,697.0,15,1,2357,2025-06-20
2025-06-20 09:39:53.099069,696.0,1,695.0,14,697.0,14,2,2357,2025-06-20
2025-06-20 09:40:00.768804,697.0,1,695.0,14,697.0,13,1,2357,2025-06-20
2025-06-20 09:40:01.038174,695.0,1,695.0,13,697.0,13,2,2357,2025-06-20
2025-06-20 09:40:06.439357,695.0,1,695.0,12,697.0,12,2,2357,2025-06-20
2025-06-20 09:40:53.065617,696.0,1,696.0,3,697.0,13,2,2357,2025-06-20
2025-06-20 09:41:10.966607,695.0,1,695.0,14,697.0,13,2,2357,2025-06-20
2025-06-20 09:41:21.083314,695.0,1,695.0,11,697.0,15,2,2357,2025-06-20
2025-06-20 09:41:27.779043,697.0,1,695.0,12,697.0,16,1,2357,2025-06-20
2025-06-20 09:42:26.687523,696.0,5,695.0,15,697.0,18,2,2357,2025-06-20
2025-06-20 09:42:29.159679,695.0,1,695.0,14,696.0,3,2,2357,2025-06-20
2025-06-20 09:42:31.014759,695.0,1,695.0,13,696.0,3,2,2357,2025-06-20
2025-06-20 09:42:38.467537,696.0,1,695.0,13,696.0,6,1,2357,2025-06-20
2025-06-20 09:42:50.048996,695.0,1,695.0,11,696.0,8,2,2357,2025-06-20
2025-06-20 09:43:24.770600,696.0,1,695.0,13,696.0,15,1,2357,2025-06-20
2025-06-20 09:43:31.967571,695.0,1,695.0,12,696.0,16,2,2357,2025-06-20
2025-06-20 09:43:33.789755,695.0,1,695.0,11,696.0,17,2,2357,2025-06-20
2025-06-20 09:43:33.819533,695.0,11,694.0,5,696.0,17,2,2357,2025-06-20
2025-06-20 09:43:50.717259,694.0,1,694.0,5,695.0,4,2,2357,2025-06-20
2025-06-20 09:43:52.740351,694.0,1,694.0,3,695.0,5,2,2357,2025-06-20
2025-06-20 09:43:53.384985,694.0,2,694.0,1,695.0,5,2,2357,2025-06-20
2025-06-20 09:43:55.601308,695.0,1,694.0,1,695.0,5,1,2357,2025-06-20
2025-06-20 09:43:56.557765,695.0,2,694.0,1,695.0,3,1,2357,2025-06-20
2025-06-20 09:44:04.262721,695.0,2,694.0,7,696.0,19,1,2357,2025-06-20
2025-06-20 09:44:18.964212,695.0,1,695.0,1,696.0,15,2,2357,2025-06-20
2025-06-20 09:44:28.481113,695.0,1,695.0,1,696.0,15,2,2357,2025-06-20
2025-06-20 09:44:33.124874,695.0,1,695.0,2,696.0,15,2,2357,2025-06-20
2025-06-20 09:44:50.064957,695.0,1,695.0,3,696.0,15,2,2357,2025-06-20
2025-06-20 09:44:50.247713,695.0,1,695.0,2,696.0,15,2,2357,2025-06-20
2025-06-20 09:44:51.775478,696.0,1,695.0,2,696.0,14,1,2357,2025-06-20
2025-06-20 09:45:01.375502,695.0,1,695.0,1,696.0,14,2,2357,2025-06-20
2025-06-20 09:45:06.719740,695.0,1,694.0,12,696.0,14,2,2357,2025-06-20
2025-06-20 09:45:26.738693,695.0,1,694.0,13,695.0,2,2,2357,2025-06-20
2025-06-20 09:45:28.429455,694.0,1,694.0,10,695.0,3,2,2357,2025-06-20
2025-06-20 09:45:46.953538,694.0,1,694.0,6,695.0,12,2,2357,2025-06-20
2025-06-20 09:45:52.967385,694.0,1,694.0,5,695.0,12,2,2357,2025-06-20
2025-06-20 09:45:56.805021,694.0,2,694.0,3,695.0,12,2,2357,2025-06-20
2025-06-20 09:46:00.813414,694.0,1,694.0,2,695.0,12,2,2357,2025-06-20
2025-06-20 09:46:19.784594,695.0,1,694.0,2,695.0,12,1,2357,2025-06-20
2025-06-20 09:46:26.704942,694.0,1,694.0,1,695.0,12,2,2357,2025-06-20
2025-06-20 09:46:26.750369,694.0,1,693.0,3,695.0,11,2,2357,2025-06-20
2025-06-20 09:46:55.898301,694.0,1,694.0,3,695.0,11,2,2357,2025-06-20
2025-06-20 09:47:02.763383,694.0,1,694.0,4,695.0,11,2,2357,2025-06-20
2025-06-20 09:47:05.726898,694.0,1,694.0,2,695.0,11,2,2357,2025-06-20
2025-06-20 09:47:10.435533,694.0,1,693.0,12,695.0,11,2,2357,2025-06-20
2025-06-20 09:47:16.022702,694.0,1,694.0,3,695.0,11,2,2357,2025-06-20
2025-06-20 09:47:18.903406,694.0,1,694.0,2,695.0,11,2,2357,2025-06-20
2025-06-20 09:47:36.274247,695.0,2,694.0,9,695.0,9,1,2357,2025-06-20
2025-06-20 09:48:01.123116,694.0,1,694.0,12,695.0,9,2,2357,2025-06-20
2025-06-20 09:48:13.956267,694.0,1,694.0,13,695.0,9,2,2357,2025-06-20
2025-06-20 09:48:14.022963,694.0,1,694.0,12,695.0,8,2,2357,2025-06-20
2025-06-20 09:48:15.778124,695.0,1,694.0,11,695.0,7,1,2357,2025-06-20
2025-06-20 09:48:27.270375,695.0,1,694.0,15,695.0,6,1,2357,2025-06-20
2025-06-20 09:48:27.314456,695.0,1,694.0,15,695.0,6,1,2357,2025-06-20
2025-06-20 09:48:44.927403,694.0,1,694.0,11,695.0,7,2,2357,2025-06-20
2025-06-20 09:48:47.059174,694.0,1,694.0,11,695.0,7,2,2357,2025-06-20
2025-06-20 09:49:01.518739,694.0,10,694.0,1,695.0,7,2,2357,2025-06-20
2025-06-20 09:49:01.565875,694.0,1,693.0,17,695.0,8,2,2357,2025-06-20
2025-06-20 09:49:04.499781,694.0,1,693.0,12,695.0,10,1,2357,2025-06-20
2025-06-20 09:49:08.936388,695.0,1,693.0,15,695.0,6,1,2357,2025-06-20
2025-06-20 09:49:10.637557,694.0,1,693.0,15,695.0,5,2,2357,2025-06-20
2025-06-20 09:49:19.134569,694.0,1,693.0,14,695.0,6,1,2357,2025-06-20
2025-06-20 09:49:50.136531,693.0,1,693.0,11,694.0,3,2,2357,2025-06-20
2025-06-20 09:50:01.095578,693.0,1,693.0,9,694.0,4,2,2357,2025-06-20
2025-06-20 09:50:01.097317,693.0,1,693.0,8,694.0,4,2,2357,2025-06-20
2025-06-20 09:50:04.765522,693.0,1,693.0,7,694.0,5,2,2357,2025-06-20
2025-06-20 09:50:13.024682,693.0,1,693.0,8,694.0,7,2,2357,2025-06-20
2025-06-20 09:50:32.063878,693.0,1,693.0,8,694.0,7,2,2357,2025-06-20
2025-06-20 09:50:33.955000,693.0,1,693.0,7,694.0,7,2,2357,2025-06-20
2025-06-20 09:50:42.499345,693.0,1,693.0,7,694.0,13,2,2357,2025-06-20
2025-06-20 09:50:43.976678,693.0,1,693.0,6,694.0,13,2,2357,2025-06-20
2025-06-20 09:50:56.271007,693.0,4,693.0,4,694.0,12,2,2357,2025-06-20
2025-06-20 09:50:56.799335,694.0,12,693.0,8,695.0,8,1,2357,2025-06-20
2025-06-20 09:50:57.295600,694.0,1,693.0,12,695.0,7,2,2357,2025-06-20
2025-06-20 09:51:42.024885,694.0,1,694.0,10,695.0,10,2,2357,2025-06-20
2025-06-20 09:51:47.296402,694.0,1,694.0,10,695.0,10,2,2357,2025-06-20
2025-06-20 09:51:53.071163,694.0,3,694.0,7,695.0,10,2,2357,2025-06-20
2025-06-20 09:52:00.422917,694.0,1,694.0,7,695.0,10,2,2357,2025-06-20
2025-06-20 09:52:19.543765,694.0,1,694.0,8,695.0,11,2,2357,2025-06-20
2025-06-20 09:52:44.063383,694.0,1,694.0,8,695.0,15,2,2357,2025-06-20
2025-06-20 09:52:52.676625,694.0,1,694.0,7,695.0,16,2,2357,2025-06-20
2025-06-20 09:52:54.959225,694.0,1,694.0,5,695.0,16,2,2357,2025-06-20
2025-06-20 09:53:10.993846,694.0,1,694.0,7,695.0,16,2,2357,2025-06-20
2025-06-20 09:53:27.307579,694.0,1,694.0,7,695.0,18,2,2357,2025-06-20
2025-06-20 09:53:34.303761,694.0,1,694.0,7,695.0,18,2,2357,2025-06-20
2025-06-20 09:53:40.530239,694.0,1,694.0,6,695.0,18,2,2357,2025-06-20
2025-06-20 09:53:48.508176,695.0,1,694.0,6,695.0,17,1,2357,2025-06-20
2025-06-20 09:54:02.247568,694.0,1,694.0,5,695.0,21,2,2357,2025-06-20
2025-06-20 09:54:07.237826,694.0,1,694.0,5,695.0,19,2,2357,2025-06-20
2025-06-20 09:54:09.579424,694.0,1,694.0,4,695.0,19,2,2357,2025-06-20
2025-06-20 09:54:09.598284,694.0,3,694.0,1,695.0,19,2,2357,2025-06-20
2025-06-20 09:54:10.174941,694.0,1,693.0,7,695.0,24,2,2357,2025-06-20
2025-06-20 09:54:21.214400,694.0,1,694.0,2,695.0,21,2,2357,2025-06-20
2025-06-20 09:54:22.848296,694.0,1,693.0,8,695.0,21,2,2357,2025-06-20
2025-06-20 09:54:39.026234,693.0,1,693.0,8,694.0,8,2,2357,2025-06-20
2025-06-20 09:54:43.413230,693.0,1,693.0,7,694.0,14,2,2357,2025-06-20
2025-06-20 09:54:56.167995,693.0,6,693.0,1,694.0,16,2,2357,2025-06-20
2025-06-20 09:55:01.216153,694.0,1,692.0,24,694.0,15,1,2357,2025-06-20
2025-06-20 09:55:05.952287,693.0,1,692.0,23,694.0,18,2,2357,2025-06-20
2025-06-20 09:55:07.005081,692.0,1,692.0,22,694.0,18,2,2357,2025-06-20
2025-06-20 09:55:12.004579,692.0,1,692.0,21,694.0,17,2,2357,2025-06-20
2025-06-20 09:55:15.958079,692.0,1,692.0,21,694.0,17,2,2357,2025-06-20
2025-06-20 09:55:18.014563,692.0,11,692.0,10,694.0,17,2,2357,2025-06-20
2025-06-20 09:55:25.250977,692.0,1,692.0,9,694.0,19,2,2357,2025-06-20
2025-06-20 09:55:40.748527,692.0,1,692.0,8,694.0,19,2,2357,2025-06-20
2025-06-20 09:55:40.749214,692.0,1,692.0,7,694.0,19,2,2357,2025-06-20
2025-06-20 09:55:45.097200,692.0,1,692.0,8,694.0,18,2,2357,2025-06-20
2025-06-20 09:55:45.679654,692.0,1,692.0,6,694.0,17,2,2357,2025-06-20
2025-06-20 09:55:57.146916,692.0,1,692.0,5,694.0,20,2,2357,2025-06-20
2025-06-20 09:55:57.979636,692.0,3,692.0,1,694.0,21,2,2357,2025-06-20
2025-06-20 09:56:00.976118,694.0,1,692.0,1,694.0,23,1,2357,2025-06-20
2025-06-20 09:56:08.880759,692.0,1,692.0,1,693.0,4,2,2357,2025-06-20
2025-06-20 09:56:14.883991,691.0,1,691.0,21,693.0,8,2,2357,2025-06-20
2025-06-20 09:56:29.168951,692.0,1,692.0,1,693.0,11,2,2357,2025-06-20
2025-06-20 09:56:31.644778,691.0,1,691.0,26,693.0,10,2,2357,2025-06-20
2025-06-20 09:56:37.906337,692.0,1,691.0,26,693.0,11,2,2357,2025-06-20
2025-06-20 09:56:41.065495,691.0,1,691.0,22,693.0,12,2,2357,2025-06-20
2025-06-20 09:56:45.058806,692.0,2,691.0,22,693.0,11,2,2357,2025-06-20
2025-06-20 09:56:52.260678,691.0,1,691.0,17,692.0,4,2,2357,2025-06-20
2025-06-20 09:56:52.964729,691.0,1,691.0,16,692.0,5,2,2357,2025-06-20
2025-06-20 09:57:01.163594,691.0,1,691.0,14,692.0,7,2,2357,2025-06-20
2025-06-20 09:57:05.293937,692.0,1,691.0,14,692.0,6,1,2357,2025-06-20
2025-06-20 09:57:28.450802,691.0,1,691.0,15,692.0,16,2,2357,2025-06-20
2025-06-20 09:57:32.214708,691.0,1,691.0,14,692.0,15,2,2357,2025-06-20
2025-06-20 09:57:35.702226,692.0,1,691.0,14,692.0,11,1,2357,2025-06-20
2025-06-20 09:57:35.733264,691.0,1,691.0,13,692.0,11,2,2357,2025-06-20
2025-06-20 09:57:36.964316,691.0,1,691.0,13,692.0,11,2,2357,2025-06-20
2025-06-20 09:57:37.172198,691.0,1,691.0,12,692.0,11,2,2357,2025-06-20
2025-06-20 09:57:38.632715,691.0,3,691.0,9,692.0,10,2,2357,2025-06-20
2025-06-20 09:57:50.426253,691.0,1,691.0,9,692.0,12,2,2357,2025-06-20
2025-06-20 09:58:05.572897,691.0,1,691.0,6,692.0,13,2,2357,2025-06-20
2025-06-20 09:58:09.249909,691.0,1,691.0,5,692.0,13,2,2357,2025-06-20
2025-06-20 09:58:10.422448,691.0,1,691.0,4,692.0,13,2,2357,2025-06-20
2025-06-20 09:58:11.916757,691.0,3,690.0,30,691.0,3,2,2357,2025-06-20
2025-06-20 09:58:11.973594,691.0,3,690.0,28,692.0,13,1,2357,2025-06-20
2025-06-20 09:58:14.880610,691.0,1,691.0,1,692.0,13,2,2357,2025-06-20
2025-06-20 09:58:20.798627,691.0,1,690.0,26,692.0,13,2,2357,2025-06-20
2025-06-20 09:58:27.964950,691.0,1,690.0,27,691.0,2,1,2357,2025-06-20
2025-06-20 09:58:28.866841,690.0,1,690.0,26,691.0,1,2,2357,2025-06-20
2025-06-20 09:58:36.056889,690.0,2,690.0,25,691.0,3,2,2357,2025-06-20
2025-06-20 09:58:38.082399,691.0,1,690.0,25,691.0,2,1,2357,2025-06-20
2025-06-20 09:58:42.773744,690.0,1,690.0,24,691.0,5,2,2357,2025-06-20
2025-06-20 09:58:47.020754,691.0,1,690.0,24,691.0,10,1,2357,2025-06-20
2025-06-20 09:59:01.184048,690.0,1,690.0,29,691.0,13,2,2357,2025-06-20
2025-06-20 09:59:05.111258,690.0,1,690.0,28,691.0,14,2,2357,2025-06-20
2025-06-20 09:59:08.437842,690.0,2,690.0,26,691.0,16,2,2357,2025-06-20
2025-06-20 09:59:13.329444,690.0,2,690.0,25,691.0,16,2,2357,2025-06-20
2025-06-20 09:59:20.164796,690.0,1,690.0,24,691.0,16,2,2357,2025-06-20
2025-06-20 09:59:20.725990,690.0,2,690.0,22,691.0,16,2,2357,2025-06-20
2025-06-20 09:59:22.890952,691.0,2,690.0,22,691.0,14,1,2357,2025-06-20
2025-06-20 09:59:24.053379,691.0,1,690.0,22,691.0,13,1,2357,2025-06-20
2025-06-20 09:59:49.024812,691.0,1,690.0,25,691.0,12,1,2357,2025-06-20
2025-06-20 09:59:50.862851,691.0,1,690.0,26,691.0,11,1,2357,2025-06-20
2025-06-20 09:59:50.901729,691.0,11,690.0,26,692.0,6,1,2357,2025-06-20
2025-06-20 09:59:51.017170,692.0,4,691.0,5,692.0,2,1,2357,2025-06-20
2025-06-20 09:59:51.099370,692.0,1,691.0,10,692.0,2,1,2357,2025-06-20
2025-06-20 09:59:53.755079,692.0,1,691.0,16,693.0,2,1,2357,2025-06-20
2025-06-20 09:59:56.962902,691.0,1,691.0,15,693.0,4,2,2357,2025-06-20
2025-06-20 09:59:57.314346,693.0,2,691.0,12,693.0,2,1,2357,2025-06-20
2025-06-20 09:59:57.416537,691.0,1,691.0,11,693.0,2,2,2357,2025-06-20
2025-06-20 10:00:22.140583,692.0,1,692.0,4,693.0,8,2,2357,2025-06-20
2025-06-20 10:00:23.167077,693.0,1,692.0,4,693.0,7,1,2357,2025-06-20
2025-06-20 10:00:34.030729,692.0,1,692.0,3,693.0,7,2,2357,2025-06-20
2025-06-20 10:00:34.607771,692.0,1,692.0,3,693.0,7,2,2357,2025-06-20
2025-06-20 10:00:38.091559,692.0,1,692.0,4,693.0,8,2,2357,2025-06-20
2025-06-20 10:00:43.498034,692.0,3,692.0,1,693.0,8,2,2357,2025-06-20
2025-06-20 10:00:52.701875,692.0,1,691.0,9,692.0,2,2,2357,2025-06-20
2025-06-20 10:01:04.041051,692.0,2,691.0,10,692.0,2,1,2357,2025-06-20
2025-06-20 10:01:04.101883,692.0,2,691.0,11,693.0,10,1,2357,2025-06-20
2025-06-20 10:01:04.141377,693.0,2,691.0,13,693.0,6,1,2357,2025-06-20
2025-06-20 10:01:11.927102,692.0,1,692.0,10,693.0,3,2,2357,2025-06-20
2025-06-20 10:01:23.472613,692.0,1,692.0,9,693.0,4,2,2357,2025-06-20
2025-06-20 10:01:36.545562,692.0,1,692.0,12,693.0,6,2,2357,2025-06-20
2025-06-20 10:01:48.389608,692.0,1,692.0,11,693.0,6,2,2357,2025-06-20
2025-06-20 10:02:02.896297,692.0,1,692.0,11,693.0,7,2,2357,2025-06-20
2025-06-20 10:02:11.273746,692.0,1,692.0,13,693.0,12,2,2357,2025-06-20
2025-06-20 10:02:17.958943,692.0,1,692.0,12,693.0,12,2,2357,2025-06-20
2025-06-20 10:02:18.986451,692.0,1,692.0,11,693.0,12,2,2357,2025-06-20
2025-06-20 10:02:23.003106,692.0,1,692.0,10,693.0,13,2,2357,2025-06-20
2025-06-20 10:02:23.554363,692.0,5,692.0,5,693.0,13,2,2357,2025-06-20
2025-06-20 10:02:25.782414,692.0,1,692.0,3,693.0,17,2,2357,2025-06-20
2025-06-20 10:02:26.354055,692.0,1,692.0,2,693.0,18,2,2357,2025-06-20
2025-06-20 10:02:26.386931,692.0,2,691.0,22,693.0,18,2,2357,2025-06-20
2025-06-20 10:02:33.038815,692.0,1,691.0,21,692.0,2,1,2357,2025-06-20
2025-06-20 10:02:37.268802,692.0,1,692.0,1,693.0,16,2,2357,2025-06-20
2025-06-20 10:02:38.788214,692.0,1,692.0,1,693.0,19,2,2357,2025-06-20
2025-06-20 10:02:53.927765,693.0,1,692.0,5,693.0,16,1,2357,2025-06-20
2025-06-20 10:03:00.903787,692.0,1,692.0,4,693.0,16,2,2357,2025-06-20
2025-06-20 10:03:03.140291,692.0,1,692.0,3,693.0,16,2,2357,2025-06-20
2025-06-20 10:03:03.224461,692.0,1,692.0,2,693.0,16,2,2357,2025-06-20
2025-06-20 10:03:31.003865,692.0,1,692.0,1,693.0,16,2,2357,2025-06-20
2025-06-20 10:03:39.558102,691.0,1,691.0,21,693.0,16,2,2357,2025-06-20
2025-06-20 10:03:58.677903,692.0,1,692.0,3,693.0,15,2,2357,2025-06-20
2025-06-20 10:04:08.487521,693.0,1,692.0,3,693.0,14,1,2357,2025-06-20
2025-06-20 10:04:10.376906,692.0,1,692.0,2,693.0,14,2,2357,2025-06-20
2025-06-20 10:04:16.971283,692.0,1,692.0,11,693.0,14,2,2357,2025-06-20
2025-06-20 10:04:21.422269,692.0,1,692.0,12,693.0,14,2,2357,2025-06-20
2025-06-20 10:04:30.938528,693.0,1,692.0,13,693.0,13,1,2357,2025-06-20
2025-06-20 10:04:34.576310,692.0,1,692.0,12,693.0,13,2,2357,2025-06-20
2025-06-20 10:04:35.090076,692.0,1,692.0,11,693.0,13,2,2357,2025-06-20
2025-06-20 10:04:38.958589,692.0,1,692.0,10,693.0,13,2,2357,2025-06-20
2025-06-20 10:04:46.362890,692.0,5,692.0,6,693.0,11,2,2357,2025-06-20
2025-06-20 10:04:54.389199,692.0,1,692.0,5,693.0,21,2,2357,2025-06-20
2025-06-20 10:04:59.797840,692.0,5,691.0,22,692.0,5,2,2357,2025-06-20
2025-06-20 10:04:59.945070,691.0,1,691.0,21,692.0,5,2,2357,2025-06-20
2025-06-20 10:05:30.790462,691.0,1,691.0,20,692.0,9,2,2357,2025-06-20
2025-06-20 10:05:39.157865,691.0,1,691.0,19,692.0,9,2,2357,2025-06-20
2025-06-20 10:05:44.334158,691.0,1,691.0,18,692.0,10,2,2357,2025-06-20
2025-06-20 10:05:47.325905,691.0,1,691.0,16,692.0,10,2,2357,2025-06-20
2025-06-20 10:06:08.194047,691.0,1,691.0,16,692.0,15,2,2357,2025-06-20
2025-06-20 10:06:18.894406,692.0,1,691.0,17,692.0,17,1,2357,2025-06-20
2025-06-20 10:06:21.073646,691.0,1,691.0,18,692.0,17,2,2357,2025-06-20
2025-06-20 10:06:29.289838,691.0,1,691.0,17,692.0,17,2,2357,2025-06-20
2025-06-20 10:06:36.438860,692.0,1,691.0,17,692.0,16,1,2357,2025-06-20
2025-06-20 10:06:36.641700,692.0,1,691.0,17,692.0,15,1,2357,2025-06-20
2025-06-20 10:06:45.641254,691.0,1,691.0,19,692.0,15,2,2357,2025-06-20
2025-06-20 10:06:56.429398,692.0,2,691.0,19,692.0,13,1,2357,2025-06-20
2025-06-20 10:06:58.956594,691.0,1,691.0,18,692.0,13,2,2357,2025-06-20
2025-06-20 10:07:22.088810,691.0,1,691.0,18,692.0,13,2,2357,2025-06-20
2025-06-20 10:07:23.300259,692.0,1,691.0,18,692.0,12,1,2357,2025-06-20
2025-06-20 10:07:33.931310,691.0,2,691.0,16,692.0,13,2,2357,2025-06-20
2025-06-20 10:07:57.059386,691.0,1,691.0,19,692.0,20,2,2357,2025-06-20
2025-06-20 10:07:59.506337,691.0,1,691.0,18,692.0,20,2,2357,2025-06-20
2025-06-20 10:08:08.324485,691.0,1,691.0,18,692.0,20,2,2357,2025-06-20
2025-06-20 10:08:08.356264,692.0,18,691.0,18,692.0,2,1,2357,2025-06-20
2025-06-20 10:08:08.378665,692.0,2,691.0,19,693.0,19,1,2357,2025-06-20
2025-06-20 10:08:32.091526,692.0,1,692.0,8,693.0,19,2,2357,2025-06-20
2025-06-20 10:08:36.678619,692.0,1,692.0,5,693.0,20,2,2357,2025-06-20
2025-06-20 10:08:36.966783,693.0,1,692.0,5,693.0,19,1,2357,2025-06-20
2025-06-20 10:08:40.340379,693.0,1,692.0,4,693.0,18,1,2357,2025-06-20
2025-06-20 10:08:54.382399,693.0,1,692.0,4,693.0,18,1,2357,2025-06-20
2025-06-20 10:09:08.778973,693.0,1,692.0,4,693.0,17,1,2357,2025-06-20
2025-06-20 10:09:13.872673,692.0,1,692.0,6,693.0,17,2,2357,2025-06-20
2025-06-20 10:09:19.959208,692.0,1,692.0,9,693.0,17,2,2357,2025-06-20
2025-06-20 10:09:26.083339,692.0,1,692.0,9,693.0,17,2,2357,2025-06-20
2025-06-20 10:09:46.925447,693.0,1,692.0,10,693.0,16,1,2357,2025-06-20
2025-06-20 10:09:51.153907,692.0,1,692.0,9,693.0,16,2,2357,2025-06-20
2025-06-20 10:10:00.083712,693.0,1,692.0,11,693.0,15,1,2357,2025-06-20
2025-06-20 10:10:00.084031,693.0,1,692.0,11,693.0,14,1,2357,2025-06-20
2025-06-20 10:10:04.802996,693.0,1,692.0,11,693.0,13,1,2357,2025-06-20
2025-06-20 10:10:05.053105,693.0,1,692.0,12,693.0,12,1,2357,2025-06-20
2025-06-20 10:10:07.758682,693.0,5,692.0,18,693.0,7,1,2357,2025-06-20
2025-06-20 10:10:07.761221,693.0,7,692.0,18,694.0,13,1,2357,2025-06-20
2025-06-20 10:10:08.241586,694.0,1,693.0,1,694.0,17,1,2357,2025-06-20
2025-06-20 10:10:28.411203,692.0,1,692.0,22,694.0,17,2,2357,2025-06-20
2025-06-20 10:10:31.421671,692.0,1,692.0,21,694.0,17,2,2357,2025-06-20
2025-06-20 10:10:36.780868,694.0,1,692.0,21,694.0,16,1,2357,2025-06-20
2025-06-20 10:10:50.562862,694.0,1,692.0,22,694.0,15,1,2357,2025-06-20
2025-06-20 10:10:54.963124,693.0,1,693.0,4,694.0,15,2,2357,2025-06-20
2025-06-20 10:10:55.104872,692.0,1,692.0,22,694.0,15,2,2357,2025-06-20
2025-06-20 10:10:56.078874,694.0,1,692.0,22,694.0,14,1,2357,2025-06-20
2025-06-20 10:11:00.486590,694.0,1,693.0,4,694.0,17,1,2357,2025-06-20
2025-06-20 10:11:05.600471,693.0,1,693.0,5,694.0,17,2,2357,2025-06-20
2025-06-20 10:11:23.797038,693.0,5,693.0,1,694.0,17,2,2357,2025-06-20
2025-06-20 10:11:40.957449,693.0,1,693.0,2,694.0,17,2,2357,2025-06-20
2025-06-20 10:11:41.769862,693.0,1,693.0,1,694.0,17,2,2357,2025-06-20
2025-06-20 10:11:53.626054,693.0,3,693.0,25,694.0,13,2,2357,2025-06-20
2025-06-20 10:12:10.492359,694.0,1,693.0,31,694.0,18,1,2357,2025-06-20
2025-06-20 10:12:18.939134,693.0,1,693.0,30,694.0,19,2,2357,2025-06-20
2025-06-20 10:12:24.015357,693.0,1,693.0,32,694.0,19,2,2357,2025-06-20
2025-06-20 10:12:24.081546,694.0,1,693.0,32,694.0,18,1,2357,2025-06-20
2025-06-20 10:12:29.120172,693.0,1,693.0,31,694.0,18,2,2357,2025-06-20
2025-06-20 10:12:56.244332,693.0,1,693.0,32,694.0,18,2,2357,2025-06-20
2025-06-20 10:12:56.355006,694.0,1,693.0,32,694.0,17,1,2357,2025-06-20
2025-06-20 10:13:08.090294,694.0,1,693.0,32,694.0,16,1,2357,2025-06-20
2025-06-20 10:13:10.497236,694.0,1,693.0,40,694.0,15,1,2357,2025-06-20
2025-06-20 10:13:11.497333,694.0,1,693.0,39,694.0,14,1,2357,2025-06-20
2025-06-20 10:13:13.359213,693.0,1,693.0,38,694.0,14,2,2357,2025-06-20
2025-06-20 10:13:33.502680,693.0,1,693.0,39,694.0,16,2,2357,2025-06-20
2025-06-20 10:13:51.020358,694.0,1,693.0,41,694.0,13,1,2357,2025-06-20
2025-06-20 10:13:52.111912,693.0,1,693.0,40,694.0,13,2,2357,2025-06-20
2025-06-20 10:14:01.963040,693.0,1,693.0,36,694.0,15,2,2357,2025-06-20
2025-06-20 10:14:10.740962,693.0,1,693.0,36,694.0,15,2,2357,2025-06-20
2025-06-20 10:14:10.924314,694.0,1,693.0,36,694.0,14,1,2357,2025-06-20
2025-06-20 10:14:10.971605,694.0,1,693.0,35,694.0,13,1,2357,2025-06-20
2025-06-20 10:14:20.487578,694.0,1,693.0,40,694.0,13,1,2357,2025-06-20
2025-06-20 10:14:20.965404,694.0,1,693.0,39,694.0,12,1,2357,2025-06-20
2025-06-20 10:14:29.510082,694.0,1,693.0,39,694.0,11,1,2357,2025-06-20
2025-06-20 10:14:48.089234,694.0,1,693.0,39,694.0,11,1,2357,2025-06-20
2025-06-20 10:14:48.098684,693.0,1,693.0,38,694.0,11,2,2357,2025-06-20
2025-06-20 10:15:00.084791,694.0,1,693.0,38,694.0,10,1,2357,2025-06-20
2025-06-20 10:15:12.057278,693.0,1,693.0,37,694.0,9,2,2357,2025-06-20
2025-06-20 10:15:16.815330,694.0,2,693.0,37,694.0,8,1,2357,2025-06-20
2025-06-20 10:15:20.477195,694.0,1,693.0,37,694.0,6,1,2357,2025-06-20
2025-06-20 10:15:21.028655,693.0,1,693.0,36,694.0,6,2,2357,2025-06-20
2025-06-20 10:15:25.303400,693.0,1,693.0,35,694.0,6,2,2357,2025-06-20
2025-06-20 10:15:48.929778,694.0,2,693.0,50,694.0,9,1,2357,2025-06-20
2025-06-20 10:15:53.746898,694.0,9,693.0,51,695.0,18,1,2357,2025-06-20
2025-06-20 10:15:53.774962,695.0,2,694.0,3,695.0,16,1,2357,2025-06-20
2025-06-20 10:15:53.779070,695.0,2,694.0,3,695.0,14,1,2357,2025-06-20
2025-06-20 10:15:53.828630,695.0,8,694.0,11,695.0,6,1,2357,2025-06-20
2025-06-20 10:15:53.859453,695.0,3,694.0,10,695.0,3,1,2357,2025-06-20
2025-06-20 10:15:53.859658,695.0,2,694.0,10,695.0,1,1,2357,2025-06-20
2025-06-20 10:15:53.894647,695.0,1,694.0,14,696.0,17,1,2357,2025-06-20
2025-06-20 10:15:54.152690,696.0,2,694.0,8,696.0,17,1,2357,2025-06-20
2025-06-20 10:16:01.530807,694.0,1,694.0,11,696.0,17,2,2357,2025-06-20
2025-06-20 10:16:10.967594,694.0,1,694.0,13,696.0,18,2,2357,2025-06-20
2025-06-20 10:16:21.972823,694.0,1,694.0,23,696.0,18,2,2357,2025-06-20
2025-06-20 10:16:26.189511,694.0,1,694.0,23,696.0,18,2,2357,2025-06-20
2025-06-20 10:16:30.467185,696.0,1,694.0,24,696.0,17,1,2357,2025-06-20
2025-06-20 10:16:38.768853,694.0,1,694.0,24,696.0,18,2,2357,2025-06-20
2025-06-20 10:16:40.933088,696.0,1,694.0,26,696.0,17,1,2357,2025-06-20
2025-06-20 10:16:42.032886,696.0,1,694.0,27,696.0,17,1,2357,2025-06-20
2025-06-20 10:16:42.421155,694.0,1,694.0,26,696.0,17,2,2357,2025-06-20
2025-06-20 10:16:49.952757,694.0,1,694.0,27,696.0,17,2,2357,2025-06-20
2025-06-20 10:17:12.091584,696.0,1,694.0,25,696.0,20,1,2357,2025-06-20
2025-06-20 10:17:15.974389,694.0,1,694.0,24,696.0,20,2,2357,2025-06-20
2025-06-20 10:17:30.487846,696.0,1,694.0,22,696.0,16,1,2357,2025-06-20
2025-06-20 10:17:34.100750,694.0,1,694.0,22,696.0,16,2,2357,2025-06-20
2025-06-20 10:17:36.967776,696.0,1,694.0,22,696.0,15,1,2357,2025-06-20
2025-06-20 10:17:53.205009,694.0,1,694.0,18,695.0,6,2,2357,2025-06-20
2025-06-20 10:18:18.357940,694.0,1,694.0,15,695.0,9,2,2357,2025-06-20
2025-06-20 10:18:21.009553,694.0,1,694.0,14,695.0,8,2,2357,2025-06-20
2025-06-20 10:18:30.477155,695.0,1,694.0,14,695.0,7,1,2357,2025-06-20
2025-06-20 10:18:30.485334,694.0,1,694.0,13,695.0,7,2,2357,2025-06-20
2025-06-20 10:18:42.969081,694.0,1,694.0,14,695.0,7,2,2357,2025-06-20
2025-06-20 10:18:49.867146,694.0,1,694.0,13,695.0,7,2,2357,2025-06-20
2025-06-20 10:18:50.356246,695.0,1,694.0,13,695.0,6,1,2357,2025-06-20
2025-06-20 10:19:07.807111,694.0,1,694.0,12,695.0,12,2,2357,2025-06-20
2025-06-20 10:19:36.096708,695.0,1,694.0,13,695.0,15,1,2357,2025-06-20
2025-06-20 10:19:38.395841,694.0,5,694.0,8,695.0,16,2,2357,2025-06-20
2025-06-20 10:19:40.483102,695.0,1,694.0,8,695.0,15,1,2357,2025-06-20
2025-06-20 10:19:44.957869,694.0,1,694.0,8,695.0,15,2,2357,2025-06-20
2025-06-20 10:19:47.073040,694.0,1,694.0,7,695.0,15,2,2357,2025-06-20
2025-06-20 10:20:00.088071,695.0,1,694.0,7,695.0,15,1,2357,2025-06-20
2025-06-20 10:20:00.147134,694.0,1,694.0,6,695.0,15,2,2357,2025-06-20
2025-06-20 10:20:11.859331,694.0,5,694.0,1,695.0,16,2,2357,2025-06-20
2025-06-20 10:20:18.783621,695.0,1,694.0,1,695.0,18,1,2357,2025-06-20
2025-06-20 10:20:19.028992,694.0,1,693.0,55,695.0,18,2,2357,2025-06-20
2025-06-20 10:20:21.182219,693.0,1,693.0,55,695.0,20,2,2357,2025-06-20
2025-06-20 10:20:23.114064,693.0,1,693.0,59,695.0,17,2,2357,2025-06-20
2025-06-20 10:20:40.472154,695.0,1,693.0,59,695.0,16,1,2357,2025-06-20
2025-06-20 10:20:58.407392,693.0,1,693.0,58,695.0,17,2,2357,2025-06-20
2025-06-20 10:21:03.960454,693.0,1,693.0,57,695.0,17,2,2357,2025-06-20
2025-06-20 10:21:05.906464,695.0,1,693.0,57,695.0,18,1,2357,2025-06-20
2025-06-20 10:21:16.046861,693.0,1,693.0,56,695.0,18,2,2357,2025-06-20
2025-06-20 10:21:22.939775,695.0,1,694.0,1,695.0,17,1,2357,2025-06-20
2025-06-20 10:21:27.989492,694.0,1,694.0,2,695.0,13,2,2357,2025-06-20
2025-06-20 10:21:35.668806,694.0,1,694.0,1,695.0,13,2,2357,2025-06-20
2025-06-20 10:21:50.462559,695.0,1,694.0,1,695.0,14,1,2357,2025-06-20
2025-06-20 10:22:00.091181,695.0,1,694.0,1,695.0,13,1,2357,2025-06-20
2025-06-20 10:22:12.893527,694.0,1,693.0,63,695.0,11,2,2357,2025-06-20
2025-06-20 10:22:12.922051,695.0,1,693.0,63,695.0,12,1,2357,2025-06-20
2025-06-20 10:22:13.667211,694.0,1,693.0,63,695.0,11,1,2357,2025-06-20
2025-06-20 10:22:24.292738,695.0,3,693.0,63,695.0,8,1,2357,2025-06-20
2025-06-20 10:22:44.150587,694.0,1,694.0,5,695.0,7,2,2357,2025-06-20
2025-06-20 10:22:49.985826,694.0,1,694.0,3,695.0,7,2,2357,2025-06-20
2025-06-20 10:22:50.483207,695.0,1,694.0,3,695.0,6,1,2357,2025-06-20
2025-06-20 10:22:50.543612,695.0,4,694.0,5,695.0,2,1,2357,2025-06-20
2025-06-20 10:22:52.436418,694.0,1,694.0,9,695.0,3,2,2357,2025-06-20
2025-06-20 10:23:24.958527,693.0,1,693.0,68,695.0,10,2,2357,2025-06-20
2025-06-20 10:23:27.298268,693.0,1,693.0,67,695.0,10,2,2357,2025-06-20
2025-06-20 10:23:33.933472,695.0,1,693.0,67,695.0,9,1,2357,2025-06-20
2025-06-20 10:23:42.786049,695.0,1,693.0,68,695.0,9,1,2357,2025-06-20
2025-06-20 10:24:00.489074,695.0,1,693.0,73,695.0,8,1,2357,2025-06-20
2025-06-20 10:24:00.926682,695.0,1,693.0,73,695.0,7,1,2357,2025-06-20
2025-06-20 10:24:04.652341,693.0,1,693.0,72,695.0,10,2,2357,2025-06-20
2025-06-20 10:24:13.068127,693.0,1,693.0,71,694.0,8,2,2357,2025-06-20
2025-06-20 10:24:20.203720,693.0,1,693.0,71,694.0,21,2,2357,2025-06-20
2025-06-20 10:24:24.084885,694.0,1,693.0,71,694.0,20,1,2357,2025-06-20
2025-06-20 10:24:27.420943,694.0,9,693.0,71,694.0,11,1,2357,2025-06-20
2025-06-20 10:24:40.920644,693.0,1,693.0,71,694.0,15,2,2357,2025-06-20
2025-06-20 10:24:50.480336,694.0,1,693.0,71,694.0,14,1,2357,2025-06-20
2025-06-20 10:25:00.101545,694.0,1,693.0,71,694.0,13,1,2357,2025-06-20
2025-06-20 10:25:00.478337,694.0,1,693.0,71,694.0,12,1,2357,2025-06-20
2025-06-20 10:25:07.259066,694.0,1,693.0,73,694.0,11,1,2357,2025-06-20
2025-06-20 10:25:09.000976,694.0,1,693.0,73,694.0,10,1,2357,2025-06-20
2025-06-20 10:25:10.781579,694.0,1,693.0,73,694.0,9,1,2357,2025-06-20
2025-06-20 10:25:11.459937,694.0,2,693.0,78,694.0,7,1,2357,2025-06-20
2025-06-20 10:25:15.215290,694.0,3,693.0,78,694.0,7,1,2357,2025-06-20
2025-06-20 10:25:18.177838,693.0,1,693.0,79,694.0,6,2,2357,2025-06-20
2025-06-20 10:25:42.074866,693.0,1,693.0,79,694.0,8,2,2357,2025-06-20
2025-06-20 10:25:44.958252,693.0,1,693.0,78,694.0,8,2,2357,2025-06-20
2025-06-20 10:25:52.785347,694.0,2,693.0,80,694.0,6,1,2357,2025-06-20
2025-06-20 10:25:55.419955,693.0,1,693.0,79,694.0,7,2,2357,2025-06-20
2025-06-20 10:25:56.259781,694.0,1,693.0,79,694.0,6,1,2357,2025-06-20
2025-06-20 10:25:59.259468,694.0,1,693.0,79,694.0,5,1,2357,2025-06-20
2025-06-20 10:26:03.260859,694.0,1,693.0,79,694.0,4,1,2357,2025-06-20
2025-06-20 10:26:10.452751,694.0,1,693.0,80,694.0,4,1,2357,2025-06-20
2025-06-20 10:26:13.690517,694.0,1,693.0,80,694.0,8,1,2357,2025-06-20
2025-06-20 10:26:19.990488,694.0,1,693.0,80,694.0,7,1,2357,2025-06-20
2025-06-20 10:26:32.713571,693.0,1,693.0,84,694.0,7,2,2357,2025-06-20
2025-06-20 10:26:39.454457,694.0,1,693.0,84,694.0,7,1,2357,2025-06-20
2025-06-20 10:26:44.197614,693.0,1,693.0,83,694.0,7,2,2357,2025-06-20
2025-06-20 10:26:48.073652,694.0,1,693.0,83,694.0,6,1,2357,2025-06-20
2025-06-20 10:26:51.260609,694.0,1,693.0,83,694.0,5,1,2357,2025-06-20
2025-06-20 10:27:06.782306,694.0,1,693.0,86,694.0,4,1,2357,2025-06-20
2025-06-20 10:27:09.907192,693.0,1,693.0,85,694.0,4,2,2357,2025-06-20
2025-06-20 10:27:09.976115,693.0,1,693.0,84,694.0,4,2,2357,2025-06-20
2025-06-20 10:27:10.489149,694.0,1,693.0,84,694.0,4,1,2357,2025-06-20
2025-06-20 10:27:15.007247,694.0,1,693.0,84,694.0,7,1,2357,2025-06-20
2025-06-20 10:27:47.125869,693.0,1,693.0,93,694.0,13,2,2357,2025-06-20
2025-06-20 10:28:02.305443,694.0,1,693.0,93,694.0,12,1,2357,2025-06-20
2025-06-20 10:28:05.964003,693.0,1,693.0,93,694.0,12,2,2357,2025-06-20
2025-06-20 10:28:06.966603,694.0,1,693.0,93,694.0,11,1,2357,2025-06-20
2025-06-20 10:28:10.447124,694.0,1,693.0,93,694.0,10,1,2357,2025-06-20
2025-06-20 10:28:17.089468,693.0,1,693.0,92,694.0,15,2,2357,2025-06-20
2025-06-20 10:28:23.430358,693.0,1,693.0,91,694.0,10,2,2357,2025-06-20
2025-06-20 10:28:34.779663,694.0,1,693.0,95,694.0,9,1,2357,2025-06-20
2025-06-20 10:28:39.155988,693.0,1,693.0,94,694.0,9,2,2357,2025-06-20
2025-06-20 10:28:54.997057,694.0,1,693.0,98,694.0,8,1,2357,2025-06-20
2025-06-20 10:29:00.676589,693.0,1,693.0,97,694.0,18,2,2357,2025-06-20
2025-06-20 10:29:03.435970,693.0,1,693.0,96,694.0,18,2,2357,2025-06-20
2025-06-20 10:29:12.089336,694.0,1,693.0,97,694.0,17,1,2357,2025-06-20
2025-06-20 10:29:18.898695,694.0,1,693.0,97,694.0,16,1,2357,2025-06-20
2025-06-20 10:29:20.453070,694.0,1,693.0,97,694.0,15,1,2357,2025-06-20
2025-06-20 10:29:21.095170,693.0,1,693.0,96,694.0,15,2,2357,2025-06-20
2025-06-20 10:29:37.939733,693.0,1,693.0,95,694.0,15,2,2357,2025-06-20
2025-06-20 10:29:50.259978,694.0,1,693.0,95,694.0,17,1,2357,2025-06-20
2025-06-20 10:30:00.109022,694.0,1,693.0,97,694.0,17,1,2357,2025-06-20
2025-06-20 10:30:01.796962,694.0,1,693.0,102,694.0,16,1,2357,2025-06-20
2025-06-20 10:30:08.064142,693.0,1,693.0,101,694.0,17,2,2357,2025-06-20
2025-06-20 10:30:08.333406,693.0,1,693.0,100,694.0,17,2,2357,2025-06-20
2025-06-20 10:30:15.239158,693.0,1,693.0,99,694.0,18,2,2357,2025-06-20
2025-06-20 10:30:20.473544,694.0,1,693.0,99,694.0,16,1,2357,2025-06-20
2025-06-20 10:30:26.934917,694.0,1,693.0,99,694.0,15,1,2357,2025-06-20
2025-06-20 10:30:26.969115,693.0,1,693.0,98,694.0,15,2,2357,2025-06-20
2025-06-20 10:30:27.525444,693.0,1,693.0,97,694.0,15,2,2357,2025-06-20
2025-06-20 10:30:52.482956,693.0,1,693.0,94,694.0,15,2,2357,2025-06-20
2025-06-20 10:30:58.106282,694.0,1,693.0,94,694.0,15,1,2357,2025-06-20
2025-06-20 10:30:59.130083,693.0,1,693.0,93,694.0,15,2,2357,2025-06-20
2025-06-20 10:31:10.773568,694.0,2,693.0,93,694.0,13,1,2357,2025-06-20
2025-06-20 10:31:29.647369,693.0,1,693.0,92,694.0,14,2,2357,2025-06-20
2025-06-20 10:31:30.437642,693.0,1,693.0,91,694.0,15,2,2357,2025-06-20
2025-06-20 10:31:30.464149,694.0,1,693.0,91,694.0,14,1,2357,2025-06-20
2025-06-20 10:31:35.978505,693.0,1,693.0,90,694.0,14,2,2357,2025-06-20
2025-06-20 10:31:36.088786,694.0,1,693.0,90,694.0,13,1,2357,2025-06-20
2025-06-20 10:31:36.123088,694.0,1,693.0,90,694.0,12,1,2357,2025-06-20
2025-06-20 10:31:40.068742,693.0,1,693.0,90,694.0,14,2,2357,2025-06-20
2025-06-20 10:31:47.003456,693.0,4,693.0,86,694.0,14,2,2357,2025-06-20
2025-06-20 10:31:47.457842,693.0,2,693.0,84,694.0,14,2,2357,2025-06-20
2025-06-20 10:31:57.098574,693.0,1,693.0,84,694.0,13,2,2357,2025-06-20
2025-06-20 10:31:58.778936,694.0,1,693.0,84,694.0,12,1,2357,2025-06-20
2025-06-20 10:32:01.204320,693.0,1,693.0,83,694.0,12,2,2357,2025-06-20
2025-06-20 10:32:01.210838,693.0,1,693.0,82,694.0,12,2,2357,2025-06-20
2025-06-20 10:32:06.903717,693.0,1,693.0,81,694.0,12,2,2357,2025-06-20
2025-06-20 10:32:14.005071,693.0,1,693.0,80,694.0,12,2,2357,2025-06-20
2025-06-20 10:32:30.500126,694.0,1,693.0,80,694.0,11,1,2357,2025-06-20
2025-06-20 10:32:41.060597,694.0,1,693.0,80,694.0,11,1,2357,2025-06-20
2025-06-20 10:32:43.140155,693.0,1,693.0,79,694.0,11,2,2357,2025-06-20
2025-06-20 10:32:46.965945,693.0,1,693.0,78,694.0,11,2,2357,2025-06-20
2025-06-20 10:32:49.255070,694.0,1,693.0,78,694.0,15,1,2357,2025-06-20
2025-06-20 10:33:05.163534,693.0,1,693.0,78,694.0,22,2,2357,2025-06-20
2025-06-20 10:33:20.398182,693.0,1,693.0,78,694.0,36,2,2357,2025-06-20
2025-06-20 10:33:25.781202,694.0,1,693.0,78,694.0,34,1,2357,2025-06-20
2025-06-20 10:33:40.490333,694.0,1,693.0,78,694.0,35,1,2357,2025-06-20
2025-06-20 10:33:40.928018,694.0,1,693.0,78,694.0,34,1,2357,2025-06-20
2025-06-20 10:33:49.766430,694.0,2,693.0,78,694.0,33,1,2357,2025-06-20
2025-06-20 10:33:57.670374,693.0,1,693.0,77,694.0,31,2,2357,2025-06-20
2025-06-20 10:34:00.090265,694.0,1,693.0,77,694.0,30,1,2357,2025-06-20
2025-06-20 10:34:00.143281,693.0,1,693.0,76,694.0,30,2,2357,2025-06-20
2025-06-20 10:34:17.521494,693.0,3,693.0,74,694.0,33,2,2357,2025-06-20
2025-06-20 10:34:18.512473,693.0,1,693.0,73,694.0,33,2,2357,2025-06-20
2025-06-20 10:34:22.574061,694.0,1,693.0,72,694.0,35,1,2357,2025-06-20
2025-06-20 10:34:29.038570,694.0,1,693.0,73,694.0,34,1,2357,2025-06-20
2025-06-20 10:34:34.171032,693.0,1,693.0,73,694.0,36,2,2357,2025-06-20
2025-06-20 10:34:34.941160,693.0,1,693.0,72,694.0,36,2,2357,2025-06-20
2025-06-20 10:34:35.108526,693.0,1,693.0,71,694.0,36,2,2357,2025-06-20
2025-06-20 10:34:40.092651,693.0,4,693.0,66,694.0,36,2,2357,2025-06-20
2025-06-20 10:34:40.479532,694.0,1,693.0,66,694.0,37,1,2357,2025-06-20
2025-06-20 10:34:43.260657,693.0,1,693.0,65,694.0,37,2,2357,2025-06-20
2025-06-20 10:34:43.566045,693.0,1,693.0,64,694.0,37,2,2357,2025-06-20
2025-06-20 10:34:45.844916,693.0,3,693.0,61,694.0,40,2,2357,2025-06-20
2025-06-20 10:34:45.875875,693.0,5,693.0,56,694.0,42,2,2357,2025-06-20
2025-06-20 10:34:45.876041,693.0,1,693.0,55,694.0,42,2,2357,2025-06-20
2025-06-20 10:34:45.906301,693.0,2,693.0,53,694.0,42,2,2357,2025-06-20
2025-06-20 10:34:45.906326,693.0,3,693.0,50,694.0,42,2,2357,2025-06-20
2025-06-20 10:34:45.906473,693.0,35,693.0,15,694.0,42,2,2357,2025-06-20
2025-06-20 10:34:45.936938,693.0,3,693.0,12,694.0,42,2,2357,2025-06-20
2025-06-20 10:34:45.937111,693.0,9,693.0,3,694.0,43,2,2357,2025-06-20
2025-06-20 10:34:45.937154,693.0,2,693.0,1,694.0,41,2,2357,2025-06-20
2025-06-20 10:34:45.937165,693.0,1,692.0,17,694.0,41,2,2357,2025-06-20
2025-06-20 10:34:45.977430,692.0,2,692.0,15,693.0,16,2,2357,2025-06-20
2025-06-20 10:34:46.002297,692.0,1,692.0,14,693.0,15,2,2357,2025-06-20
2025-06-20 10:34:46.895483,692.0,12,691.0,62,693.0,24,2,2357,2025-06-20
2025-06-20 10:34:47.891919,691.0,7,691.0,22,693.0,40,2,2357,2025-06-20
2025-06-20 10:34:47.953185,691.0,1,691.0,21,693.0,40,2,2357,2025-06-20
2025-06-20 10:34:49.328666,691.0,3,691.0,11,693.0,40,2,2357,2025-06-20
2025-06-20 10:34:50.604015,692.0,18,691.0,9,692.0,2,1,2357,2025-06-20
2025-06-20 10:34:53.128730,692.0,1,691.0,10,692.0,13,1,2357,2025-06-20
2025-06-20 10:35:00.085171,692.0,1,691.0,13,692.0,14,1,2357,2025-06-20
2025-06-20 10:35:06.331661,692.0,27,691.0,12,692.0,6,1,2357,2025-06-20
2025-06-20 10:35:06.376759,692.0,1,691.0,20,692.0,6,1,2357,2025-06-20
2025-06-20 10:35:06.404821,692.0,2,691.0,19,692.0,4,1,2357,2025-06-20
2025-06-20 10:35:07.969324,691.0,1,691.0,13,692.0,5,2,2357,2025-06-20
2025-06-20 10:35:10.531089,692.0,1,691.0,13,692.0,4,1,2357,2025-06-20
2025-06-20 10:35:12.225615,691.0,1,691.0,13,693.0,28,2,2357,2025-06-20
2025-06-20 10:35:14.419993,691.0,1,691.0,13,693.0,29,2,2357,2025-06-20
2025-06-20 10:35:22.327985,693.0,1,691.0,11,693.0,29,1,2357,2025-06-20
2025-06-20 10:35:40.484741,693.0,1,691.0,12,693.0,31,1,2357,2025-06-20
2025-06-20 10:35:44.704112,692.0,6,691.0,9,692.0,17,1,2357,2025-06-20
2025-06-20 10:35:45.872320,691.0,2,691.0,7,692.0,16,2,2357,2025-06-20
2025-06-20 10:35:48.257398,692.0,1,691.0,7,692.0,19,1,2357,2025-06-20
2025-06-20 10:35:49.528046,691.0,1,691.0,6,692.0,15,2,2357,2025-06-20
2025-06-20 10:35:50.274205,691.0,1,691.0,5,692.0,15,2,2357,2025-06-20
2025-06-20 10:36:02.034877,691.0,1,691.0,7,692.0,16,2,2357,2025-06-20
2025-06-20 10:36:11.149264,691.0,1,691.0,7,692.0,17,2,2357,2025-06-20
2025-06-20 10:36:24.079561,692.0,1,691.0,8,692.0,20,1,2357,2025-06-20
2025-06-20 10:36:26.675128,691.0,1,691.0,8,692.0,19,2,2357,2025-06-20
2025-06-20 10:36:27.022568,692.0,1,691.0,8,692.0,19,1,2357,2025-06-20
2025-06-20 10:36:27.173488,691.0,1,691.0,7,692.0,19,2,2357,2025-06-20
2025-06-20 10:36:49.784092,692.0,1,691.0,9,692.0,19,1,2357,2025-06-20
2025-06-20 10:36:50.490664,692.0,1,691.0,10,692.0,17,1,2357,2025-06-20
2025-06-20 10:36:50.572477,691.0,1,691.0,9,692.0,17,2,2357,2025-06-20
2025-06-20 10:36:55.480258,691.0,1,691.0,7,692.0,17,2,2357,2025-06-20
2025-06-20 10:36:58.814677,691.0,1,691.0,7,692.0,17,2,2357,2025-06-20
2025-06-20 10:37:02.882962,691.0,1,691.0,6,692.0,17,2,2357,2025-06-20
2025-06-20 10:37:03.036633,691.0,1,691.0,5,692.0,17,2,2357,2025-06-20
2025-06-20 10:37:17.032389,691.0,1,691.0,3,692.0,21,2,2357,2025-06-20
2025-06-20 10:37:20.937411,692.0,1,691.0,2,692.0,20,1,2357,2025-06-20
2025-06-20 10:37:28.966161,691.0,1,691.0,2,692.0,19,2,2357,2025-06-20
2025-06-20 10:37:29.619873,691.0,1,691.0,1,692.0,19,2,2357,2025-06-20
2025-06-20 10:37:31.095482,690.0,1,690.0,123,692.0,20,2,2357,2025-06-20
2025-06-20 10:37:40.027538,690.0,1,690.0,123,692.0,23,2,2357,2025-06-20
2025-06-20 10:37:50.479857,692.0,1,690.0,122,692.0,27,1,2357,2025-06-20
2025-06-20 10:38:16.782248,691.0,1,690.0,123,691.0,14,1,2357,2025-06-20
2025-06-20 10:38:17.153806,691.0,3,690.0,120,691.0,24,1,2357,2025-06-20
2025-06-20 10:38:17.300631,690.0,1,690.0,119,691.0,21,2,2357,2025-06-20
2025-06-20 10:38:22.313434,691.0,1,690.0,119,691.0,20,1,2357,2025-06-20
2025-06-20 10:38:29.226638,690.0,1,690.0,118,691.0,22,2,2357,2025-06-20
2025-06-20 10:38:47.267357,691.0,1,690.0,119,691.0,36,1,2357,2025-06-20
2025-06-20 10:38:48.087896,691.0,1,690.0,119,691.0,41,1,2357,2025-06-20
2025-06-20 10:38:54.646604,690.0,1,690.0,118,691.0,41,2,2357,2025-06-20
2025-06-20 10:38:54.688590,691.0,1,690.0,117,691.0,40,1,2357,2025-06-20
2025-06-20 10:39:00.099541,690.0,1,690.0,116,691.0,41,2,2357,2025-06-20
2025-06-20 10:39:00.485744,691.0,1,690.0,116,691.0,40,1,2357,2025-06-20
2025-06-20 10:39:23.723547,691.0,2,690.0,116,691.0,40,1,2357,2025-06-20
2025-06-20 10:39:23.761710,691.0,1,690.0,115,691.0,39,1,2357,2025-06-20
2025-06-20 10:39:31.886145,690.0,1,690.0,114,691.0,39,2,2357,2025-06-20
2025-06-20 10:39:44.793435,691.0,1,690.0,118,691.0,38,1,2357,2025-06-20
2025-06-20 10:39:49.956138,690.0,1,690.0,117,691.0,38,2,2357,2025-06-20
2025-06-20 10:40:00.098207,691.0,1,690.0,119,691.0,35,1,2357,2025-06-20
2025-06-20 10:40:00.474974,691.0,1,690.0,119,691.0,34,1,2357,2025-06-20
2025-06-20 10:40:00.530472,691.0,1,690.0,118,691.0,33,1,2357,2025-06-20
2025-06-20 10:40:08.089936,690.0,1,690.0,119,691.0,33,2,2357,2025-06-20
2025-06-20 10:40:09.195920,690.0,1,690.0,117,691.0,33,2,2357,2025-06-20
2025-06-20 10:40:12.993879,691.0,1,690.0,117,691.0,32,1,2357,2025-06-20
2025-06-20 10:40:18.698041,690.0,1,690.0,116,691.0,32,2,2357,2025-06-20
2025-06-20 10:40:19.458256,691.0,1,690.0,115,691.0,30,1,2357,2025-06-20
2025-06-20 10:40:26.672777,691.0,2,690.0,115,691.0,21,1,2357,2025-06-20
2025-06-20 10:40:28.031906,690.0,1,690.0,114,691.0,21,2,2357,2025-06-20
2025-06-20 10:40:28.145347,690.0,1,690.0,113,691.0,21,2,2357,2025-06-20
2025-06-20 10:40:46.415791,690.0,1,690.0,114,691.0,24,2,2357,2025-06-20
2025-06-20 10:41:07.349894,690.0,1,690.0,148,691.0,25,2,2357,2025-06-20
2025-06-20 10:41:10.465195,691.0,1,690.0,148,691.0,24,1,2357,2025-06-20
2025-06-20 10:41:11.049876,690.0,1,690.0,147,691.0,24,2,2357,2025-06-20
2025-06-20 10:41:12.084875,691.0,1,690.0,148,691.0,23,1,2357,2025-06-20
2025-06-20 10:41:22.643578,690.0,1,690.0,147,691.0,23,2,2357,2025-06-20
2025-06-20 10:41:24.419516,690.0,1,690.0,146,691.0,23,2,2357,2025-06-20
2025-06-20 10:41:25.009366,690.0,1,690.0,145,691.0,23,2,2357,2025-06-20
2025-06-20 10:41:31.728071,691.0,2,690.0,146,691.0,21,1,2357,2025-06-20
2025-06-20 10:41:31.770123,691.0,1,690.0,145,691.0,20,1,2357,2025-06-20
2025-06-20 10:41:32.518108,690.0,1,690.0,144,691.0,20,2,2357,2025-06-20
2025-06-20 10:41:36.872798,690.0,1,690.0,143,691.0,20,2,2357,2025-06-20
2025-06-20 10:41:37.453645,691.0,1,690.0,142,691.0,19,1,2357,2025-06-20
2025-06-20 10:41:37.680430,691.0,2,690.0,140,691.0,17,1,2357,2025-06-20
2025-06-20 10:41:37.835353,690.0,1,690.0,139,691.0,17,2,2357,2025-06-20
2025-06-20 10:41:40.783920,691.0,1,690.0,140,691.0,16,1,2357,2025-06-20
2025-06-20 10:41:57.848044,690.0,1,690.0,141,691.0,17,2,2357,2025-06-20
2025-06-20 10:41:59.898407,690.0,1,690.0,140,691.0,17,2,2357,2025-06-20
2025-06-20 10:42:09.959998,690.0,1,690.0,141,691.0,17,2,2357,2025-06-20
2025-06-20 10:42:10.486026,691.0,1,690.0,141,691.0,16,1,2357,2025-06-20
2025-06-20 10:42:25.828487,691.0,2,690.0,140,691.0,15,1,2357,2025-06-20
2025-06-20 10:42:28.773967,691.0,2,690.0,141,691.0,25,1,2357,2025-06-20
2025-06-20 10:42:33.196169,690.0,1,690.0,140,691.0,25,2,2357,2025-06-20
2025-06-20 10:42:37.158307,690.0,1,690.0,139,691.0,28,2,2357,2025-06-20
2025-06-20 10:43:08.793219,691.0,1,690.0,139,691.0,28,1,2357,2025-06-20
2025-06-20 10:43:14.281929,690.0,1,690.0,138,691.0,28,2,2357,2025-06-20
2025-06-20 10:43:20.491727,691.0,1,690.0,138,691.0,32,1,2357,2025-06-20
2025-06-20 10:43:21.089253,690.0,56,690.0,82,691.0,34,2,2357,2025-06-20
2025-06-20 10:43:21.108814,690.0,6,690.0,76,691.0,40,2,2357,2025-06-20
2025-06-20 10:43:21.108873,690.0,7,690.0,69,691.0,40,2,2357,2025-06-20
2025-06-20 10:43:21.108885,690.0,4,690.0,65,691.0,40,2,2357,2025-06-20
2025-06-20 10:43:21.109054,690.0,9,690.0,56,691.0,40,2,2357,2025-06-20
2025-06-20 10:43:21.109260,690.0,3,690.0,53,691.0,40,2,2357,2025-06-20
2025-06-20 10:43:21.109292,690.0,1,690.0,52,691.0,40,2,2357,2025-06-20
2025-06-20 10:43:21.111870,690.0,4,690.0,47,691.0,40,2,2357,2025-06-20
2025-06-20 10:43:21.130281,690.0,2,690.0,45,691.0,40,2,2357,2025-06-20
2025-06-20 10:43:21.130373,690.0,2,690.0,43,691.0,38,2,2357,2025-06-20
2025-06-20 10:43:21.130404,690.0,2,690.0,41,691.0,38,2,2357,2025-06-20
2025-06-20 10:43:21.130440,690.0,2,690.0,39,691.0,38,2,2357,2025-06-20
2025-06-20 10:43:21.130454,690.0,3,690.0,36,691.0,38,2,2357,2025-06-20
2025-06-20 10:43:21.130464,690.0,1,690.0,35,691.0,38,2,2357,2025-06-20
2025-06-20 10:43:21.130812,690.0,2,690.0,33,691.0,38,2,2357,2025-06-20
2025-06-20 10:43:21.130826,690.0,1,690.0,32,691.0,38,2,2357,2025-06-20
2025-06-20 10:43:21.138095,690.0,3,690.0,32,691.0,40,2,2357,2025-06-20
2025-06-20 10:43:21.150704,690.0,1,690.0,28,691.0,40,2,2357,2025-06-20
2025-06-20 10:43:21.173351,690.0,1,690.0,27,691.0,40,2,2357,2025-06-20
2025-06-20 10:43:21.194225,690.0,1,690.0,26,691.0,40,2,2357,2025-06-20
2025-06-20 10:43:21.882547,690.0,16,690.0,26,691.0,32,2,2357,2025-06-20
2025-06-20 10:43:21.915414,690.0,2,690.0,10,691.0,32,2,2357,2025-06-20
2025-06-20 10:43:21.915439,690.0,3,690.0,7,691.0,32,2,2357,2025-06-20
2025-06-20 10:43:21.957963,690.0,1,690.0,6,691.0,34,2,2357,2025-06-20
2025-06-20 10:43:21.984223,690.0,1,690.0,7,691.0,34,2,2357,2025-06-20
2025-06-20 10:43:22.040042,690.0,1,690.0,5,691.0,34,2,2357,2025-06-20
2025-06-20 10:43:22.836069,690.0,3,690.0,3,691.0,27,2,2357,2025-06-20
2025-06-20 10:43:25.975526,690.0,1,690.0,2,691.0,26,2,2357,2025-06-20
2025-06-20 10:43:26.937565,690.0,2,689.0,14,690.0,8,2,2357,2025-06-20
2025-06-20 10:43:27.731520,690.0,4,689.0,15,690.0,4,1,2357,2025-06-20
2025-06-20 10:43:27.786765,690.0,1,689.0,23,690.0,4,1,2357,2025-06-20
2025-06-20 10:43:30.930155,690.0,1,689.0,30,690.0,4,1,2357,2025-06-20
2025-06-20 10:43:36.078896,690.0,1,689.0,32,690.0,11,1,2357,2025-06-20
2025-06-20 10:43:59.003996,690.0,1,689.0,20,690.0,37,1,2357,2025-06-20
2025-06-20 10:43:59.665847,690.0,1,689.0,20,690.0,36,1,2357,2025-06-20
2025-06-20 10:44:05.029912,689.0,1,689.0,26,690.0,36,2,2357,2025-06-20
2025-06-20 10:44:11.416887,689.0,1,689.0,19,690.0,37,2,2357,2025-06-20
2025-06-20 10:44:13.940056,690.0,1,689.0,19,690.0,36,1,2357,2025-06-20
2025-06-20 10:44:20.481022,690.0,1,689.0,19,690.0,37,1,2357,2025-06-20
2025-06-20 10:44:30.964584,689.0,1,689.0,18,690.0,41,2,2357,2025-06-20
2025-06-20 10:44:35.636194,689.0,1,689.0,17,690.0,41,2,2357,2025-06-20
2025-06-20 10:44:35.789971,690.0,1,689.0,17,690.0,40,1,2357,2025-06-20
2025-06-20 10:44:35.890797,690.0,1,689.0,17,690.0,39,1,2357,2025-06-20
2025-06-20 10:44:53.909343,689.0,1,689.0,31,690.0,41,2,2357,2025-06-20
2025-06-20 10:44:59.309248,689.0,3,689.0,26,690.0,44,2,2357,2025-06-20
2025-06-20 10:45:00.108061,690.0,1,689.0,13,690.0,43,1,2357,2025-06-20
2025-06-20 10:45:13.663236,689.0,13,688.0,27,689.0,7,2,2357,2025-06-20
2025-06-20 10:45:13.705592,689.0,7,688.0,39,690.0,48,1,2357,2025-06-20
2025-06-20 10:45:13.746658,689.0,1,688.0,48,690.0,48,1,2357,2025-06-20
2025-06-20 10:45:20.470351,690.0,1,689.0,14,690.0,48,1,2357,2025-06-20
2025-06-20 10:45:26.261609,689.0,1,689.0,13,690.0,49,2,2357,2025-06-20
2025-06-20 10:45:31.477638,690.0,1,689.0,13,690.0,49,1,2357,2025-06-20
2025-06-20 10:45:56.502109,689.0,1,689.0,12,690.0,54,2,2357,2025-06-20
2025-06-20 10:46:00.072073,690.0,1,689.0,12,690.0,53,1,2357,2025-06-20
2025-06-20 10:46:22.911812,689.0,1,689.0,10,690.0,57,2,2357,2025-06-20
2025-06-20 10:46:30.476216,690.0,1,689.0,10,690.0,57,1,2357,2025-06-20
2025-06-20 10:46:32.778828,690.0,1,689.0,10,690.0,56,1,2357,2025-06-20
2025-06-20 10:46:51.968084,689.0,1,689.0,15,690.0,63,2,2357,2025-06-20
2025-06-20 10:47:02.899920,689.0,1,689.0,17,690.0,64,2,2357,2025-06-20
2025-06-20 10:47:22.245428,689.0,1,689.0,18,690.0,63,2,2357,2025-06-20
2025-06-20 10:47:30.481036,690.0,1,689.0,17,690.0,77,1,2357,2025-06-20
2025-06-20 10:47:35.419069,689.0,1,689.0,17,690.0,78,2,2357,2025-06-20
2025-06-20 10:47:40.974843,689.0,1,689.0,17,690.0,79,2,2357,2025-06-20
2025-06-20 10:47:46.215433,690.0,1,689.0,20,690.0,79,1,2357,2025-06-20
2025-06-20 10:47:50.206333,689.0,1,689.0,19,690.0,79,2,2357,2025-06-20
2025-06-20 10:47:51.872283,689.0,1,689.0,18,690.0,79,2,2357,2025-06-20
2025-06-20 10:47:52.086012,689.0,6,689.0,12,690.0,79,2,2357,2025-06-20
2025-06-20 10:47:55.127644,690.0,1,689.0,13,690.0,78,1,2357,2025-06-20
2025-06-20 10:47:56.476572,689.0,1,689.0,20,690.0,77,2,2357,2025-06-20
2025-06-20 10:47:59.790839,690.0,1,689.0,20,690.0,76,1,2357,2025-06-20
2025-06-20 10:48:02.164142,689.0,1,689.0,22,690.0,76,2,2357,2025-06-20
2025-06-20 10:48:13.814162,690.0,1,689.0,28,690.0,76,1,2357,2025-06-20
2025-06-20 10:48:24.088372,690.0,1,689.0,33,690.0,79,1,2357,2025-06-20
2025-06-20 10:48:34.150029,690.0,4,689.0,35,690.0,75,1,2357,2025-06-20
2025-06-20 10:48:34.170636,690.0,1,689.0,35,690.0,74,1,2357,2025-06-20
2025-06-20 10:48:34.174198,690.0,41,689.0,37,690.0,33,1,2357,2025-06-20
2025-06-20 10:48:34.191055,690.0,2,689.0,39,690.0,31,1,2357,2025-06-20
2025-06-20 10:48:34.191129,690.0,3,689.0,39,690.0,28,1,2357,2025-06-20
2025-06-20 10:48:34.191607,690.0,2,689.0,38,690.0,26,1,2357,2025-06-20
2025-06-20 10:48:34.191978,690.0,5,689.0,38,690.0,20,1,2357,2025-06-20
2025-06-20 10:48:34.191988,690.0,3,689.0,38,690.0,17,1,2357,2025-06-20
2025-06-20 10:48:34.192614,690.0,1,689.0,38,690.0,16,1,2357,2025-06-20
2025-06-20 10:48:34.192896,690.0,1,689.0,38,690.0,15,1,2357,2025-06-20
2025-06-20 10:48:34.203466,690.0,1,689.0,38,690.0,14,1,2357,2025-06-20
2025-06-20 10:48:34.207206,690.0,4,689.0,39,690.0,10,1,2357,2025-06-20
2025-06-20 10:48:34.211144,690.0,1,689.0,39,690.0,9,1,2357,2025-06-20
2025-06-20 10:48:34.211738,690.0,1,689.0,39,690.0,8,1,2357,2025-06-20
2025-06-20 10:48:34.230818,689.0,1,689.0,37,690.0,8,2,2357,2025-06-20
2025-06-20 10:48:34.231925,690.0,3,689.0,37,690.0,6,1,2357,2025-06-20
2025-06-20 10:48:34.265173,689.0,1,689.0,37,690.0,5,2,2357,2025-06-20
2025-06-20 10:48:34.366585,690.0,3,689.0,36,690.0,5,1,2357,2025-06-20
2025-06-20 10:48:34.679943,690.0,1,689.0,36,690.0,1,1,2357,2025-06-20
2025-06-20 10:48:35.869192,690.0,1,689.0,36,691.0,18,1,2357,2025-06-20
2025-06-20 10:48:40.471222,691.0,1,690.0,7,691.0,17,1,2357,2025-06-20
2025-06-20 10:48:41.315234,691.0,1,690.0,7,691.0,16,1,2357,2025-06-20
2025-06-20 10:48:48.461251,690.0,1,690.0,6,691.0,16,2,2357,2025-06-20
2025-06-20 10:48:58.098122,691.0,1,690.0,7,691.0,15,1,2357,2025-06-20
2025-06-20 10:49:12.970197,690.0,1,690.0,9,691.0,14,2,2357,2025-06-20
2025-06-20 10:49:20.947776,690.0,1,690.0,8,691.0,15,2,2357,2025-06-20
2025-06-20 10:49:24.861326,690.0,1,690.0,7,691.0,15,2,2357,2025-06-20
2025-06-20 10:49:27.789140,691.0,1,690.0,9,691.0,14,1,2357,2025-06-20
2025-06-20 10:49:40.476303,691.0,1,690.0,9,691.0,13,1,2357,2025-06-20
2025-06-20 10:49:41.699081,691.0,10,690.0,9,691.0,3,1,2357,2025-06-20
2025-06-20 10:49:43.117850,691.0,2,690.0,14,691.0,1,1,2357,2025-06-20
2025-06-20 10:49:43.809318,691.0,1,690.0,14,692.0,14,1,2357,2025-06-20
2025-06-20 10:50:00.114529,692.0,1,690.0,45,692.0,12,1,2357,2025-06-20
2025-06-20 10:50:02.153464,690.0,1,690.0,46,692.0,9,2,2357,2025-06-20
2025-06-20 10:50:39.329143,691.0,1,691.0,1,692.0,17,2,2357,2025-06-20
2025-06-20 10:50:45.414370,691.0,1,690.0,20,692.0,20,2,2357,2025-06-20
2025-06-20 10:50:48.086213,692.0,1,690.0,19,692.0,20,1,2357,2025-06-20
2025-06-20 10:50:49.098702,690.0,1,690.0,18,692.0,20,2,2357,2025-06-20
2025-06-20 10:50:50.466508,692.0,1,690.0,18,692.0,19,1,2357,2025-06-20
2025-06-20 10:51:06.932007,692.0,1,690.0,19,692.0,19,1,2357,2025-06-20
2025-06-20 10:51:16.477734,690.0,1,690.0,21,692.0,18,2,2357,2025-06-20
2025-06-20 10:51:32.886830,692.0,1,690.0,22,692.0,18,1,2357,2025-06-20
2025-06-20 10:51:32.970375,690.0,1,690.0,21,692.0,18,2,2357,2025-06-20
2025-06-20 10:51:41.998725,692.0,19,690.0,22,693.0,18,1,2357,2025-06-20
2025-06-20 10:51:41.998725,693.0,1,690.0,22,693.0,18,1,2357,2025-06-20
2025-06-20 10:51:50.471423,693.0,1,690.0,33,693.0,25,1,2357,2025-06-20
2025-06-20 10:51:53.733931,690.0,1,690.0,33,693.0,27,2,2357,2025-06-20
2025-06-20 10:51:59.105058,691.0,1,691.0,1,692.0,5,2,2357,2025-06-20
2025-06-20 10:52:18.000866,691.0,1,691.0,3,692.0,6,2,2357,2025-06-20
2025-06-20 10:52:30.860603,691.0,1,691.0,5,692.0,7,2,2357,2025-06-20
2025-06-20 10:52:54.293714,691.0,1,691.0,5,692.0,7,2,2357,2025-06-20
2025-06-20 10:53:00.477359,692.0,1,691.0,5,692.0,14,1,2357,2025-06-20
2025-06-20 10:53:01.566045,691.0,1,691.0,4,692.0,15,2,2357,2025-06-20
2025-06-20 10:53:08.022640,691.0,1,691.0,3,692.0,15,2,2357,2025-06-20
2025-06-20 10:53:10.931326,692.0,1,691.0,3,692.0,14,1,2357,2025-06-20
2025-06-20 10:53:12.090470,692.0,1,691.0,3,692.0,13,1,2357,2025-06-20
2025-06-20 10:53:23.624211,691.0,1,691.0,4,692.0,13,2,2357,2025-06-20
2025-06-20 10:53:45.159014,691.0,1,691.0,8,692.0,18,2,2357,2025-06-20
2025-06-20 10:53:45.418603,691.0,1,691.0,7,692.0,20,2,2357,2025-06-20
2025-06-20 10:53:47.060839,691.0,1,691.0,6,692.0,21,2,2357,2025-06-20
2025-06-20 10:53:53.966604,691.0,1,691.0,5,692.0,20,2,2357,2025-06-20
2025-06-20 10:54:00.482192,692.0,1,691.0,5,692.0,19,1,2357,2025-06-20
2025-06-20 10:54:22.451356,691.0,1,691.0,5,692.0,20,2,2357,2025-06-20
2025-06-20 10:54:24.381156,691.0,5,690.0,20,692.0,20,2,2357,2025-06-20
2025-06-20 10:54:59.698654,690.0,1,690.0,55,691.0,9,2,2357,2025-06-20
2025-06-20 10:55:00.068604,691.0,1,690.0,55,691.0,8,1,2357,2025-06-20
2025-06-20 10:55:00.487357,691.0,1,690.0,55,691.0,7,1,2357,2025-06-20
2025-06-20 10:55:15.268003,690.0,1,690.0,55,691.0,8,2,2357,2025-06-20
2025-06-20 10:55:17.934466,691.0,1,690.0,55,691.0,8,1,2357,2025-06-20
2025-06-20 10:55:36.019475,690.0,1,690.0,55,691.0,14,2,2357,2025-06-20
2025-06-20 10:55:36.086449,691.0,1,690.0,55,691.0,13,1,2357,2025-06-20
2025-06-20 10:55:52.467512,691.0,1,690.0,60,691.0,13,1,2357,2025-06-20
2025-06-20 10:55:56.046263,690.0,1,690.0,59,691.0,13,2,2357,2025-06-20
2025-06-20 10:56:10.493354,691.0,1,690.0,61,691.0,13,1,2357,2025-06-20
2025-06-20 10:56:13.132183,690.0,1,690.0,60,691.0,13,2,2357,2025-06-20
2025-06-20 10:56:14.957018,690.0,1,690.0,59,691.0,13,2,2357,2025-06-20
2025-06-20 10:56:41.482063,690.0,1,690.0,58,691.0,28,2,2357,2025-06-20
2025-06-20 10:56:44.120837,690.0,1,690.0,57,691.0,28,2,2357,2025-06-20
2025-06-20 10:56:50.409486,690.0,1,690.0,56,691.0,28,2,2357,2025-06-20
2025-06-20 10:57:10.467199,691.0,1,690.0,56,691.0,25,1,2357,2025-06-20
2025-06-20 10:57:27.645701,690.0,1,690.0,56,691.0,28,2,2357,2025-06-20
2025-06-20 10:57:42.795054,691.0,1,690.0,62,691.0,28,1,2357,2025-06-20
2025-06-20 10:57:49.691974,691.0,2,690.0,62,691.0,25,1,2357,2025-06-20
2025-06-20 10:57:51.966145,691.0,6,690.0,56,691.0,19,1,2357,2025-06-20
2025-06-20 10:58:00.091267,691.0,1,690.0,57,691.0,16,1,2357,2025-06-20
2025-06-20 10:58:00.927143,691.0,1,690.0,57,691.0,15,1,2357,2025-06-20
2025-06-20 10:58:04.927889,690.0,1,690.0,56,691.0,15,2,2357,2025-06-20
2025-06-20 10:58:17.563219,690.0,2,690.0,54,691.0,15,2,2357,2025-06-20
2025-06-20 10:58:20.472684,691.0,1,690.0,54,691.0,14,1,2357,2025-06-20
2025-06-20 10:58:20.573155,691.0,1,690.0,53,691.0,13,1,2357,2025-06-20
2025-06-20 10:58:23.613885,691.0,1,690.0,53,691.0,12,1,2357,2025-06-20
2025-06-20 10:58:34.959711,690.0,1,690.0,52,691.0,13,2,2357,2025-06-20
2025-06-20 10:58:42.278854,690.0,1,690.0,51,691.0,13,2,2357,2025-06-20
2025-06-20 10:58:43.637768,691.0,1,690.0,51,691.0,12,1,2357,2025-06-20
2025-06-20 10:59:01.314980,691.0,1,690.0,51,691.0,12,1,2357,2025-06-20
2025-06-20 10:59:03.948178,691.0,1,690.0,51,691.0,11,1,2357,2025-06-20
2025-06-20 10:59:08.399633,691.0,1,690.0,51,691.0,10,1,2357,2025-06-20
2025-06-20 10:59:09.794965,691.0,1,690.0,51,691.0,9,1,2357,2025-06-20
2025-06-20 10:59:09.816853,691.0,1,690.0,51,691.0,8,1,2357,2025-06-20
2025-06-20 10:59:18.567451,690.0,1,690.0,52,691.0,8,2,2357,2025-06-20
2025-06-20 10:59:20.477746,691.0,1,690.0,52,691.0,7,1,2357,2025-06-20
2025-06-20 10:59:32.771032,691.0,1,690.0,54,691.0,6,1,2357,2025-06-20
2025-06-20 10:59:36.308914,691.0,1,690.0,54,691.0,5,1,2357,2025-06-20
2025-06-20 10:59:41.055970,690.0,1,690.0,54,691.0,7,2,2357,2025-06-20
2025-06-20 10:59:53.186388,690.0,1,690.0,55,691.0,7,2,2357,2025-06-20
2025-06-20 10:59:55.819698,690.0,1,690.0,54,691.0,7,2,2357,2025-06-20
2025-06-20 10:59:56.418097,690.0,1,690.0,53,691.0,7,2,2357,2025-06-20
2025-06-20 11:00:00.077302,691.0,1,690.0,54,691.0,6,1,2357,2025-06-20
2025-06-20 11:00:24.072757,691.0,1,690.0,56,691.0,12,1,2357,2025-06-20
2025-06-20 11:00:30.483468,691.0,1,690.0,56,691.0,11,1,2357,2025-06-20
2025-06-20 11:00:32.989282,690.0,1,690.0,55,691.0,11,2,2357,2025-06-20
2025-06-20 11:00:52.299834,691.0,1,690.0,56,691.0,10,1,2357,2025-06-20
2025-06-20 11:00:55.958251,690.0,1,690.0,57,691.0,10,2,2357,2025-06-20
2025-06-20 11:01:00.994024,690.0,1,690.0,58,691.0,10,2,2357,2025-06-20
2025-06-20 11:01:06.786517,691.0,1,690.0,59,691.0,9,1,2357,2025-06-20
2025-06-20 11:01:08.318300,690.0,5,690.0,54,691.0,9,2,2357,2025-06-20
2025-06-20 11:01:10.106247,690.0,1,690.0,53,691.0,9,2,2357,2025-06-20
2025-06-20 11:01:10.233679,690.0,1,690.0,52,691.0,9,2,2357,2025-06-20
2025-06-20 11:01:30.488368,691.0,1,690.0,53,691.0,10,1,2357,2025-06-20
2025-06-20 11:01:47.400680,690.0,1,690.0,52,691.0,18,2,2357,2025-06-20
2025-06-20 11:02:24.647384,690.0,1,690.0,51,691.0,26,2,2357,2025-06-20
2025-06-20 11:02:30.462244,691.0,1,690.0,51,691.0,28,1,2357,2025-06-20
2025-06-20 11:02:33.784585,691.0,1,690.0,51,691.0,37,1,2357,2025-06-20
2025-06-20 11:02:36.830316,691.0,1,690.0,51,691.0,36,1,2357,2025-06-20
2025-06-20 11:02:39.104401,690.0,1,690.0,50,691.0,36,2,2357,2025-06-20
2025-06-20 11:02:48.082064,691.0,1,690.0,50,691.0,35,1,2357,2025-06-20
2025-06-20 11:02:50.132683,691.0,1,690.0,50,691.0,32,1,2357,2025-06-20
2025-06-20 11:02:52.555438,690.0,1,690.0,49,691.0,30,2,2357,2025-06-20
2025-06-20 11:03:00.933858,691.0,1,690.0,49,691.0,29,1,2357,2025-06-20
2025-06-20 11:03:01.897750,690.0,1,690.0,48,691.0,29,2,2357,2025-06-20
2025-06-20 11:03:09.642770,691.0,2,690.0,48,691.0,27,1,2357,2025-06-20
2025-06-20 11:03:16.947797,690.0,1,690.0,47,691.0,26,2,2357,2025-06-20
2025-06-20 11:03:33.574190,691.0,2,690.0,51,691.0,25,1,2357,2025-06-20
2025-06-20 11:03:34.380539,690.0,1,690.0,50,691.0,25,2,2357,2025-06-20
2025-06-20 11:03:34.804638,691.0,1,690.0,50,691.0,24,1,2357,2025-06-20
2025-06-20 11:03:38.167393,690.0,1,690.0,49,691.0,24,2,2357,2025-06-20
2025-06-20 11:03:40.452454,691.0,1,690.0,49,691.0,23,1,2357,2025-06-20
2025-06-20 11:03:50.012272,690.0,1,690.0,48,691.0,23,2,2357,2025-06-20
2025-06-20 11:04:01.794501,691.0,1,690.0,48,691.0,22,1,2357,2025-06-20
2025-06-20 11:04:07.044150,690.0,1,690.0,47,691.0,22,2,2357,2025-06-20
2025-06-20 11:04:15.450751,690.0,1,690.0,46,691.0,23,2,2357,2025-06-20
2025-06-20 11:04:40.472998,691.0,1,690.0,49,691.0,22,1,2357,2025-06-20
2025-06-20 11:04:40.818342,691.0,1,690.0,49,691.0,17,1,2357,2025-06-20
2025-06-20 11:04:41.644172,690.0,1,690.0,48,691.0,17,2,2357,2025-06-20
2025-06-20 11:04:52.752760,690.0,1,690.0,50,691.0,16,2,2357,2025-06-20
2025-06-20 11:04:53.928053,691.0,1,690.0,50,691.0,15,1,2357,2025-06-20
2025-06-20 11:04:53.978444,691.0,1,690.0,49,691.0,14,1,2357,2025-06-20
2025-06-20 11:04:53.994330,691.0,1,690.0,48,691.0,13,1,2357,2025-06-20
2025-06-20 11:04:55.696868,691.0,1,690.0,48,691.0,12,1,2357,2025-06-20
2025-06-20 11:05:00.100149,691.0,1,690.0,48,691.0,13,1,2357,2025-06-20
2025-06-20 11:05:12.068624,691.0,1,690.0,50,691.0,15,1,2357,2025-06-20
2025-06-20 11:05:17.937592,691.0,1,690.0,50,691.0,14,1,2357,2025-06-20
2025-06-20 11:05:29.935010,690.0,1,690.0,49,691.0,14,2,2357,2025-06-20
2025-06-20 11:05:36.054197,690.0,1,690.0,50,691.0,14,2,2357,2025-06-20
2025-06-20 11:05:37.947222,690.0,1,690.0,49,691.0,14,2,2357,2025-06-20
2025-06-20 11:05:38.212959,691.0,1,690.0,48,691.0,13,1,2357,2025-06-20
2025-06-20 11:05:50.033825,690.0,1,690.0,47,691.0,14,2,2357,2025-06-20
2025-06-20 11:05:50.478848,691.0,1,690.0,47,691.0,13,1,2357,2025-06-20
2025-06-20 11:05:57.791696,691.0,1,690.0,47,691.0,12,1,2357,2025-06-20
2025-06-20 11:06:07.245247,690.0,1,690.0,47,691.0,12,2,2357,2025-06-20
2025-06-20 11:06:07.433338,690.0,1,690.0,46,691.0,12,2,2357,2025-06-20
2025-06-20 11:06:12.498729,691.0,1,690.0,46,691.0,11,1,2357,2025-06-20
2025-06-20 11:06:17.694099,690.0,2,690.0,43,691.0,11,2,2357,2025-06-20
2025-06-20 11:06:35.984844,691.0,1,690.0,43,691.0,12,1,2357,2025-06-20
2025-06-20 11:06:41.113221,690.0,1,690.0,43,691.0,12,2,2357,2025-06-20
2025-06-20 11:06:43.607942,690.0,1,690.0,42,691.0,14,2,2357,2025-06-20
2025-06-20 11:06:46.758334,690.0,1,690.0,41,691.0,14,2,2357,2025-06-20
2025-06-20 11:06:50.483730,691.0,1,690.0,41,691.0,14,1,2357,2025-06-20
2025-06-20 11:07:05.004042,690.0,1,690.0,40,691.0,14,2,2357,2025-06-20
2025-06-20 11:07:20.936602,690.0,1,690.0,39,691.0,14,2,2357,2025-06-20
2025-06-20 11:07:25.789060,691.0,1,690.0,39,691.0,12,1,2357,2025-06-20
2025-06-20 11:07:25.822750,690.0,1,690.0,38,691.0,12,2,2357,2025-06-20
2025-06-20 11:07:36.086751,691.0,1,690.0,39,691.0,11,1,2357,2025-06-20
2025-06-20 11:07:45.819412,691.0,1,690.0,39,691.0,10,1,2357,2025-06-20
2025-06-20 11:07:47.055831,690.0,1,690.0,38,691.0,10,2,2357,2025-06-20
2025-06-20 11:07:57.943134,690.0,1,690.0,39,691.0,10,2,2357,2025-06-20
2025-06-20 11:07:58.263516,690.0,1,690.0,38,691.0,10,2,2357,2025-06-20
2025-06-20 11:08:00.489695,691.0,1,690.0,38,691.0,9,1,2357,2025-06-20
2025-06-20 11:08:01.215539,690.0,1,690.0,37,691.0,19,2,2357,2025-06-20
2025-06-20 11:08:07.863534,690.0,4,690.0,33,691.0,30,2,2357,2025-06-20
2025-06-20 11:08:08.063441,690.0,1,690.0,32,691.0,29,2,2357,2025-06-20
2025-06-20 11:08:29.651318,691.0,2,690.0,35,691.0,28,1,2357,2025-06-20
2025-06-20 11:08:33.050226,690.0,1,690.0,34,691.0,27,2,2357,2025-06-20
2025-06-20 11:08:35.537053,690.0,1,690.0,33,691.0,27,2,2357,2025-06-20
2025-06-20 11:08:36.449643,690.0,5,690.0,28,691.0,27,2,2357,2025-06-20
2025-06-20 11:08:43.099189,690.0,1,690.0,28,691.0,29,2,2357,2025-06-20
2025-06-20 11:08:50.296820,690.0,1,690.0,27,691.0,29,2,2357,2025-06-20
2025-06-20 11:08:55.319549,690.0,1,690.0,28,691.0,33,2,2357,2025-06-20
2025-06-20 11:08:59.391413,690.0,10,690.0,18,691.0,33,2,2357,2025-06-20
2025-06-20 11:08:59.424247,690.0,2,690.0,14,691.0,38,2,2357,2025-06-20
2025-06-20 11:08:59.482139,690.0,1,690.0,14,691.0,39,2,2357,2025-06-20
2025-06-20 11:08:59.897956,690.0,13,689.0,27,691.0,39,2,2357,2025-06-20
2025-06-20 11:09:00.478983,690.0,1,689.0,23,690.0,6,1,2357,2025-06-20
2025-06-20 11:09:03.439725,689.0,3,689.0,21,690.0,3,2,2357,2025-06-20
2025-06-20 11:09:20.298987,690.0,1,689.0,24,690.0,13,1,2357,2025-06-20
2025-06-20 11:09:22.926363,689.0,1,689.0,23,690.0,12,2,2357,2025-06-20
2025-06-20 11:10:00.084631,690.0,1,689.0,28,690.0,23,1,2357,2025-06-20
2025-06-20 11:10:00.090253,690.0,1,689.0,28,690.0,22,1,2357,2025-06-20
2025-06-20 11:10:02.174678,689.0,1,689.0,27,690.0,22,2,2357,2025-06-20
2025-06-20 11:10:03.727263,689.0,1,689.0,26,690.0,22,2,2357,2025-06-20
2025-06-20 11:10:10.469059,690.0,1,689.0,26,690.0,35,1,2357,2025-06-20
2025-06-20 11:10:18.929050,689.0,1,689.0,25,690.0,33,2,2357,2025-06-20
2025-06-20 11:10:22.150367,690.0,1,689.0,25,690.0,32,1,2357,2025-06-20
2025-06-20 11:11:10.489735,690.0,1,689.0,23,690.0,37,1,2357,2025-06-20
2025-06-20 11:11:18.277699,689.0,1,689.0,22,690.0,42,2,2357,2025-06-20
2025-06-20 11:11:31.054900,689.0,1,689.0,22,690.0,43,2,2357,2025-06-20
2025-06-20 11:11:44.101055,689.0,1,689.0,22,690.0,45,2,2357,2025-06-20
2025-06-20 11:11:46.932375,690.0,1,689.0,22,690.0,44,1,2357,2025-06-20
2025-06-20 11:11:57.954217,689.0,1,689.0,24,690.0,44,2,2357,2025-06-20
2025-06-20 11:12:05.786428,689.0,1,689.0,23,690.0,44,2,2357,2025-06-20
2025-06-20 11:12:10.479189,690.0,1,689.0,23,690.0,43,1,2357,2025-06-20
2025-06-20 11:12:17.417289,689.0,1,689.0,22,690.0,43,2,2357,2025-06-20
2025-06-20 11:12:24.076189,690.0,1,689.0,22,690.0,43,1,2357,2025-06-20
2025-06-20 11:12:39.924161,689.0,1,689.0,21,690.0,43,2,2357,2025-06-20
2025-06-20 11:12:40.934925,690.0,1,689.0,21,690.0,42,1,2357,2025-06-20
2025-06-20 11:12:42.264769,689.0,1,689.0,20,690.0,41,2,2357,2025-06-20
2025-06-20 11:12:48.924202,689.0,1,689.0,20,690.0,48,2,2357,2025-06-20
2025-06-20 11:12:59.045970,689.0,1,689.0,19,690.0,49,2,2357,2025-06-20
2025-06-20 11:13:20.485078,690.0,1,689.0,23,690.0,48,1,2357,2025-06-20
2025-06-20 11:13:44.798333,690.0,1,689.0,25,690.0,50,1,2357,2025-06-20
2025-06-20 11:13:46.411217,690.0,1,689.0,25,690.0,49,1,2357,2025-06-20
2025-06-20 11:13:56.926126,689.0,1,689.0,24,690.0,49,2,2357,2025-06-20
2025-06-20 11:14:07.139846,689.0,1,689.0,25,690.0,50,2,2357,2025-06-20
2025-06-20 11:14:09.327017,690.0,1,689.0,25,690.0,50,1,2357,2025-06-20
2025-06-20 11:14:20.521326,690.0,1,689.0,26,690.0,49,1,2357,2025-06-20
2025-06-20 11:14:20.764776,690.0,2,689.0,24,690.0,49,1,2357,2025-06-20
2025-06-20 11:14:20.828174,690.0,2,689.0,30,690.0,45,1,2357,2025-06-20
2025-06-20 11:14:22.697016,690.0,1,689.0,31,690.0,43,1,2357,2025-06-20
2025-06-20 11:14:27.996960,689.0,1,689.0,30,690.0,43,2,2357,2025-06-20
2025-06-20 11:14:48.093105,690.0,1,689.0,31,690.0,43,1,2357,2025-06-20
2025-06-20 11:14:52.336412,690.0,1,689.0,31,690.0,42,1,2357,2025-06-20
2025-06-20 11:14:57.953054,689.0,28,689.0,5,690.0,42,2,2357,2025-06-20
2025-06-20 11:15:00.100505,690.0,1,689.0,7,690.0,41,1,2357,2025-06-20
2025-06-20 11:15:00.920070,689.0,1,689.0,6,690.0,41,2,2357,2025-06-20
2025-06-20 11:15:03.982653,689.0,7,688.0,46,689.0,13,2,2357,2025-06-20
2025-06-20 11:15:06.842119,689.0,1,688.0,61,689.0,18,1,2357,2025-06-20
2025-06-20 11:15:15.590878,689.0,1,688.0,63,689.0,17,1,2357,2025-06-20
2025-06-20 11:15:15.608750,689.0,5,688.0,63,689.0,12,1,2357,2025-06-20
2025-06-20 11:15:15.618739,689.0,12,688.0,63,690.0,38,1,2357,2025-06-20
2025-06-20 11:15:16.621333,690.0,1,689.0,11,690.0,42,1,2357,2025-06-20
2025-06-20 11:15:29.377168,689.0,1,689.0,16,690.0,44,2,2357,2025-06-20
2025-06-20 11:15:30.464631,690.0,1,689.0,16,690.0,43,1,2357,2025-06-20
2025-06-20 11:15:38.968955,689.0,1,689.0,15,690.0,42,2,2357,2025-06-20
2025-06-20 11:15:40.789121,690.0,1,689.0,12,690.0,41,1,2357,2025-06-20
2025-06-20 11:15:41.020762,689.0,1,689.0,11,690.0,41,2,2357,2025-06-20
2025-06-20 11:15:44.975288,689.0,1,689.0,12,690.0,42,2,2357,2025-06-20
2025-06-20 11:15:57.157228,689.0,1,689.0,12,690.0,47,2,2357,2025-06-20
2025-06-20 11:16:27.334832,689.0,1,689.0,22,690.0,51,2,2357,2025-06-20
2025-06-20 11:16:30.500856,690.0,1,689.0,21,690.0,51,1,2357,2025-06-20
2025-06-20 11:16:33.483061,690.0,1,689.0,21,690.0,50,1,2357,2025-06-20
2025-06-20 11:16:34.619906,690.0,1,689.0,23,690.0,49,1,2357,2025-06-20
2025-06-20 11:16:40.448264,689.0,1,689.0,22,690.0,50,2,2357,2025-06-20
2025-06-20 11:17:12.096549,690.0,1,689.0,33,690.0,51,1,2357,2025-06-20
2025-06-20 11:17:20.918516,689.0,1,689.0,29,690.0,71,2,2357,2025-06-20
2025-06-20 11:17:25.047551,689.0,1,689.0,25,690.0,71,2,2357,2025-06-20
2025-06-20 11:17:40.506528,690.0,1,689.0,27,690.0,74,1,2357,2025-06-20
2025-06-20 11:17:51.260173,689.0,2,689.0,25,690.0,72,2,2357,2025-06-20
2025-06-20 11:17:54.157939,690.0,1,689.0,25,690.0,72,1,2357,2025-06-20
2025-06-20 11:17:54.689050,689.0,1,689.0,24,690.0,72,2,2357,2025-06-20
2025-06-20 11:18:20.686683,690.0,1,689.0,26,690.0,72,1,2357,2025-06-20
2025-06-20 11:18:28.432508,689.0,1,689.0,25,690.0,72,2,2357,2025-06-20
2025-06-20 11:18:40.480637,690.0,1,689.0,25,690.0,73,1,2357,2025-06-20
2025-06-20 11:18:40.934044,690.0,1,689.0,25,690.0,72,1,2357,2025-06-20
2025-06-20 11:18:50.155736,689.0,5,689.0,20,690.0,72,2,2357,2025-06-20
2025-06-20 11:18:53.997543,689.0,1,689.0,21,690.0,72,2,2357,2025-06-20
2025-06-20 11:18:58.573384,689.0,5,689.0,16,690.0,73,2,2357,2025-06-20
2025-06-20 11:19:06.104558,689.0,1,689.0,17,690.0,75,2,2357,2025-06-20
2025-06-20 11:19:23.504998,689.0,1,689.0,16,690.0,76,2,2357,2025-06-20
2025-06-20 11:19:26.153347,689.0,10,689.0,8,690.0,76,2,2357,2025-06-20
2025-06-20 11:19:26.174788,689.0,4,689.0,3,690.0,76,2,2357,2025-06-20
2025-06-20 11:19:26.204062,689.0,1,689.0,2,690.0,79,2,2357,2025-06-20
2025-06-20 11:19:36.105161,690.0,1,689.0,3,690.0,78,1,2357,2025-06-20
2025-06-20 11:19:38.202690,689.0,1,689.0,3,690.0,78,2,2357,2025-06-20
2025-06-20 11:19:40.300426,690.0,1,689.0,3,690.0,77,1,2357,2025-06-20
2025-06-20 11:19:41.924473,689.0,1,689.0,4,690.0,77,2,2357,2025-06-20
2025-06-20 11:19:48.225440,689.0,1,689.0,3,690.0,78,2,2357,2025-06-20
2025-06-20 11:19:48.385620,689.0,1,689.0,1,690.0,77,2,2357,2025-06-20
2025-06-20 11:19:48.450626,689.0,1,688.0,47,690.0,77,2,2357,2025-06-20
2025-06-20 11:19:50.486341,690.0,1,688.0,48,690.0,79,1,2357,2025-06-20
2025-06-20 11:20:00.094065,690.0,1,689.0,1,690.0,75,1,2357,2025-06-20
2025-06-20 11:20:23.305360,689.0,1,689.0,2,690.0,73,2,2357,2025-06-20
2025-06-20 11:20:50.491176,690.0,1,689.0,6,690.0,76,1,2357,2025-06-20
2025-06-20 11:21:40.070463,690.0,1,689.0,6,690.0,81,1,2357,2025-06-20
2025-06-20 11:21:50.480457,690.0,1,689.0,6,690.0,80,1,2357,2025-06-20
2025-06-20 11:21:51.085040,689.0,1,689.0,5,690.0,80,2,2357,2025-06-20
2025-06-20 11:21:59.787793,690.0,1,689.0,9,690.0,79,1,2357,2025-06-20
2025-06-20 11:21:59.928708,689.0,1,689.0,8,690.0,79,2,2357,2025-06-20
2025-06-20 11:22:00.097708,690.0,1,689.0,8,690.0,78,1,2357,2025-06-20
2025-06-20 11:22:02.924832,689.0,1,689.0,8,690.0,78,2,2357,2025-06-20
2025-06-20 11:22:03.354817,689.0,1,689.0,7,690.0,78,2,2357,2025-06-20
2025-06-20 11:22:05.263292,689.0,1,689.0,6,690.0,78,2,2357,2025-06-20
2025-06-20 11:22:09.609366,689.0,6,688.0,52,689.0,1,2,2357,2025-06-20
2025-06-20 11:22:23.327822,689.0,1,688.0,48,689.0,13,1,2357,2025-06-20
2025-06-20 11:22:30.952902,689.0,1,688.0,51,689.0,13,1,2357,2025-06-20
2025-06-20 11:23:00.486407,689.0,1,688.0,52,689.0,38,1,2357,2025-06-20
2025-06-20 11:23:06.961708,688.0,1,688.0,51,689.0,37,2,2357,2025-06-20
2025-06-20 11:23:20.032954,688.0,1,688.0,50,689.0,38,2,2357,2025-06-20
2025-06-20 11:23:26.794681,689.0,1,688.0,51,689.0,18,1,2357,2025-06-20
2025-06-20 11:23:35.142059,688.0,1,688.0,50,689.0,24,2,2357,2025-06-20
2025-06-20 11:24:00.506955,689.0,1,688.0,51,689.0,30,1,2357,2025-06-20
2025-06-20 11:24:22.935679,688.0,1,688.0,50,689.0,33,2,2357,2025-06-20
2025-06-20 11:24:24.085013,689.0,1,688.0,50,689.0,32,1,2357,2025-06-20
2025-06-20 11:24:38.431921,688.0,1,688.0,49,689.0,33,2,2357,2025-06-20
2025-06-20 11:24:40.179572,688.0,1,688.0,48,689.0,33,2,2357,2025-06-20
2025-06-20 11:24:49.036085,688.0,1,688.0,48,689.0,36,2,2357,2025-06-20
2025-06-20 11:25:00.112701,689.0,1,688.0,49,689.0,36,1,2357,2025-06-20
2025-06-20 11:25:10.497157,689.0,1,688.0,50,689.0,35,1,2357,2025-06-20
2025-06-20 11:25:23.793801,689.0,1,688.0,50,689.0,28,1,2357,2025-06-20
2025-06-20 11:25:26.152088,689.0,1,688.0,51,689.0,27,1,2357,2025-06-20
2025-06-20 11:25:33.932623,689.0,1,688.0,51,689.0,41,1,2357,2025-06-20
2025-06-20 11:25:37.923511,689.0,1,688.0,51,689.0,40,1,2357,2025-06-20
2025-06-20 11:26:00.820934,689.0,1,688.0,51,689.0,40,1,2357,2025-06-20
2025-06-20 11:26:10.486627,689.0,1,688.0,54,689.0,39,1,2357,2025-06-20
2025-06-20 11:26:17.326086,688.0,1,688.0,53,689.0,39,2,2357,2025-06-20
2025-06-20 11:26:43.935768,688.0,1,688.0,52,689.0,42,2,2357,2025-06-20
2025-06-20 11:26:48.118122,689.0,1,688.0,52,689.0,41,1,2357,2025-06-20
2025-06-20 11:26:51.556974,689.0,2,688.0,52,689.0,40,1,2357,2025-06-20
2025-06-20 11:26:54.518693,689.0,1,688.0,52,689.0,39,1,2357,2025-06-20
2025-06-20 11:27:20.539713,689.0,1,688.0,53,689.0,37,1,2357,2025-06-20
2025-06-20 11:27:32.111504,688.0,1,688.0,53,689.0,35,2,2357,2025-06-20
2025-06-20 11:27:32.889630,689.0,1,688.0,53,689.0,34,1,2357,2025-06-20
2025-06-20 11:27:46.183665,688.0,1,688.0,52,689.0,34,2,2357,2025-06-20
2025-06-20 11:28:09.368038,688.0,1,688.0,54,689.0,39,2,2357,2025-06-20
2025-06-20 11:28:10.031076,688.0,1,688.0,53,689.0,39,2,2357,2025-06-20
2025-06-20 11:28:14.362210,688.0,1,688.0,52,689.0,39,2,2357,2025-06-20
2025-06-20 11:28:17.438484,688.0,1,688.0,50,689.0,40,2,2357,2025-06-20
2025-06-20 11:28:20.497264,689.0,1,688.0,50,689.0,40,1,2357,2025-06-20
2025-06-20 11:29:04.935928,688.0,1,688.0,49,689.0,58,2,2357,2025-06-20
2025-06-20 11:29:12.116339,689.0,1,688.0,49,689.0,59,1,2357,2025-06-20
2025-06-20 11:29:12.163238,689.0,1,688.0,49,689.0,58,1,2357,2025-06-20
2025-06-20 11:29:15.126694,688.0,1,688.0,48,689.0,58,2,2357,2025-06-20
2025-06-20 11:29:20.486619,689.0,1,688.0,48,689.0,57,1,2357,2025-06-20
2025-06-20 11:29:31.593291,689.0,2,688.0,48,689.0,56,1,2357,2025-06-20
2025-06-20 11:29:56.299913,688.0,1,688.0,49,689.0,56,2,2357,2025-06-20
2025-06-20 11:30:00.132142,689.0,1,688.0,49,689.0,55,1,2357,2025-06-20
2025-06-20 11:30:01.324506,688.0,1,688.0,48,689.0,55,2,2357,2025-06-20
2025-06-20 11:30:30.507905,689.0,1,688.0,48,689.0,50,1,2357,2025-06-20
2025-06-20 11:30:44.074084,688.0,1,688.0,47,689.0,52,2,2357,2025-06-20
2025-06-20 11:30:49.447311,688.0,1,688.0,46,689.0,52,2,2357,2025-06-20
2025-06-20 11:31:25.932386,688.0,1,688.0,49,689.0,58,2,2357,2025-06-20
2025-06-20 11:31:29.122751,688.0,1,688.0,48,689.0,58,2,2357,2025-06-20
2025-06-20 11:31:30.481810,689.0,1,688.0,48,689.0,57,1,2357,2025-06-20
2025-06-20 11:31:35.764547,689.0,1,688.0,48,689.0,56,1,2357,2025-06-20
2025-06-20 11:31:36.120493,689.0,1,688.0,48,689.0,55,1,2357,2025-06-20
2025-06-20 11:31:39.933941,689.0,1,688.0,48,689.0,54,1,2357,2025-06-20
2025-06-20 11:31:42.795425,689.0,1,688.0,48,689.0,53,1,2357,2025-06-20
2025-06-20 11:32:11.582554,689.0,2,688.0,48,689.0,49,1,2357,2025-06-20
2025-06-20 11:32:12.073096,688.0,1,688.0,47,689.0,49,2,2357,2025-06-20
2025-06-20 11:32:20.970428,689.0,1,688.0,47,689.0,48,1,2357,2025-06-20
2025-06-20 11:32:26.933037,689.0,1,688.0,47,689.0,47,1,2357,2025-06-20
2025-06-20 11:32:40.472110,689.0,1,688.0,52,689.0,47,1,2357,2025-06-20
2025-06-20 11:32:42.065877,688.0,5,688.0,47,689.0,47,2,2357,2025-06-20
2025-06-20 11:32:42.081641,688.0,5,688.0,42,689.0,47,2,2357,2025-06-20
2025-06-20 11:32:42.099045,688.0,5,688.0,37,689.0,47,2,2357,2025-06-20
2025-06-20 11:32:42.112913,688.0,5,688.0,32,689.0,47,2,2357,2025-06-20
2025-06-20 11:32:47.152701,688.0,5,688.0,27,689.0,48,2,2357,2025-06-20
2025-06-20 11:32:58.069318,689.0,1,688.0,27,689.0,47,1,2357,2025-06-20
2025-06-20 11:32:59.179256,688.0,20,688.0,7,689.0,47,2,2357,2025-06-20
2025-06-20 11:32:59.206908,688.0,7,687.0,56,689.0,55,2,2357,2025-06-20
2025-06-20 11:33:00.512565,687.0,1,687.0,56,688.0,15,2,2357,2025-06-20
2025-06-20 11:33:01.095044,688.0,1,687.0,55,688.0,15,1,2357,2025-06-20
2025-06-20 11:33:06.861068,688.0,1,687.0,55,688.0,14,1,2357,2025-06-20
2025-06-20 11:33:09.798995,688.0,1,687.0,55,688.0,13,1,2357,2025-06-20
2025-06-20 11:33:12.794468,687.0,2,687.0,52,688.0,15,2,2357,2025-06-20
2025-06-20 11:33:13.547482,688.0,1,687.0,52,688.0,14,1,2357,2025-06-20
2025-06-20 11:33:17.335051,688.0,5,687.0,52,688.0,19,1,2357,2025-06-20
2025-06-20 11:33:24.262776,688.0,1,687.0,56,688.0,38,1,2357,2025-06-20
2025-06-20 11:33:40.477188,688.0,1,687.0,56,688.0,39,1,2357,2025-06-20
2025-06-20 11:33:41.041038,687.0,1,687.0,55,688.0,39,2,2357,2025-06-20
2025-06-20 11:33:45.928650,687.0,1,687.0,55,688.0,39,2,2357,2025-06-20
2025-06-20 11:33:48.705395,687.0,1,687.0,54,688.0,39,2,2357,2025-06-20
2025-06-20 11:33:49.343970,688.0,2,687.0,55,688.0,37,1,2357,2025-06-20
2025-06-20 11:33:59.311579,687.0,1,687.0,54,688.0,37,2,2357,2025-06-20
2025-06-20 11:34:00.099301,688.0,1,687.0,54,688.0,36,1,2357,2025-06-20
2025-06-20 11:34:01.299601,688.0,2,687.0,54,688.0,34,1,2357,2025-06-20
2025-06-20 11:34:13.620895,687.0,1,687.0,53,688.0,34,2,2357,2025-06-20
2025-06-20 11:34:16.401518,687.0,5,687.0,48,688.0,35,2,2357,2025-06-20
2025-06-20 11:34:21.087598,687.0,1,687.0,48,688.0,37,2,2357,2025-06-20
2025-06-20 11:34:32.248613,687.0,1,687.0,47,688.0,44,2,2357,2025-06-20
2025-06-20 11:34:44.701889,687.0,5,687.0,42,688.0,56,2,2357,2025-06-20
2025-06-20 11:34:44.726857,687.0,4,687.0,38,688.0,57,2,2357,2025-06-20
2025-06-20 11:34:50.498429,688.0,1,687.0,37,688.0,67,1,2357,2025-06-20
2025-06-20 11:35:00.103819,688.0,1,687.0,39,688.0,60,1,2357,2025-06-20
2025-06-20 11:35:06.790007,688.0,1,687.0,39,688.0,55,1,2357,2025-06-20
2025-06-20 11:35:10.003320,687.0,1,687.0,38,688.0,55,2,2357,2025-06-20
2025-06-20 11:35:14.326707,687.0,1,687.0,37,688.0,55,2,2357,2025-06-20
2025-06-20 11:35:19.172929,687.0,38,686.0,40,687.0,3,2,2357,2025-06-20
2025-06-20 11:35:19.197535,687.0,1,686.0,40,687.0,2,1,2357,2025-06-20
2025-06-20 11:35:26.134652,686.0,1,686.0,42,687.0,8,2,2357,2025-06-20
2025-06-20 11:35:37.722731,686.0,1,686.0,40,687.0,7,2,2357,2025-06-20
2025-06-20 11:35:50.503478,687.0,1,686.0,42,687.0,12,1,2357,2025-06-20
2025-06-20 11:35:53.393826,687.0,2,686.0,44,687.0,10,1,2357,2025-06-20
2025-06-20 11:36:01.869755,687.0,1,686.0,48,687.0,45,1,2357,2025-06-20
2025-06-20 11:36:06.154050,686.0,1,686.0,47,687.0,49,2,2357,2025-06-20
2025-06-20 11:36:06.924273,686.0,1,686.0,46,687.0,49,2,2357,2025-06-20
2025-06-20 11:36:18.696891,686.0,1,686.0,41,687.0,65,2,2357,2025-06-20
2025-06-20 11:36:23.410936,686.0,1,686.0,40,687.0,69,2,2357,2025-06-20
2025-06-20 11:36:24.065083,687.0,1,686.0,40,687.0,69,1,2357,2025-06-20
2025-06-20 11:36:24.099855,686.0,1,686.0,39,687.0,69,2,2357,2025-06-20
2025-06-20 11:36:33.790026,687.0,1,686.0,39,687.0,68,1,2357,2025-06-20
2025-06-20 11:36:38.125012,686.0,1,686.0,38,687.0,68,2,2357,2025-06-20
2025-06-20 11:36:39.856630,686.0,1,686.0,37,687.0,67,2,2357,2025-06-20
2025-06-20 11:36:44.120960,687.0,1,686.0,37,687.0,66,1,2357,2025-06-20
2025-06-20 11:37:00.431185,686.0,1,686.0,36,687.0,66,2,2357,2025-06-20
2025-06-20 11:37:00.540651,687.0,1,686.0,36,687.0,65,1,2357,2025-06-20
2025-06-20 11:37:14.536592,687.0,1,686.0,36,687.0,63,1,2357,2025-06-20
2025-06-20 11:37:59.532899,686.0,20,686.0,19,687.0,76,2,2357,2025-06-20
2025-06-20 11:37:59.567687,686.0,1,686.0,18,687.0,79,2,2357,2025-06-20
2025-06-20 11:38:00.498805,687.0,1,686.0,18,687.0,76,1,2357,2025-06-20
2025-06-20 11:38:00.791597,687.0,1,686.0,18,687.0,75,1,2357,2025-06-20
2025-06-20 11:38:07.079204,686.0,1,686.0,17,687.0,76,2,2357,2025-06-20
2025-06-20 11:38:27.923790,686.0,1,686.0,16,687.0,77,2,2357,2025-06-20
2025-06-20 11:38:28.836124,686.0,1,686.0,15,687.0,76,2,2357,2025-06-20
2025-06-20 11:38:35.932010,686.0,6,686.0,9,687.0,70,2,2357,2025-06-20
2025-06-20 11:38:35.947529,686.0,3,686.0,6,687.0,70,2,2357,2025-06-20
2025-06-20 11:38:48.092442,687.0,1,686.0,7,687.0,69,1,2357,2025-06-20
2025-06-20 11:39:00.519300,687.0,1,686.0,7,687.0,68,1,2357,2025-06-20
2025-06-20 11:39:00.841486,686.0,1,686.0,6,687.0,68,2,2357,2025-06-20
2025-06-20 11:39:20.935814,687.0,1,686.0,8,687.0,68,1,2357,2025-06-20
2025-06-20 11:39:23.142616,686.0,1,686.0,7,687.0,68,2,2357,2025-06-20
2025-06-20 11:39:24.821507,686.0,1,686.0,6,687.0,68,2,2357,2025-06-20
2025-06-20 11:39:27.246305,686.0,1,686.0,6,687.0,68,2,2357,2025-06-20
2025-06-20 11:39:36.051195,686.0,1,686.0,6,687.0,74,2,2357,2025-06-20
2025-06-20 11:39:36.237201,686.0,1,686.0,5,687.0,73,2,2357,2025-06-20
2025-06-20 11:39:44.285606,686.0,1,686.0,5,687.0,73,2,2357,2025-06-20
2025-06-20 11:39:57.799873,687.0,1,686.0,4,687.0,74,1,2357,2025-06-20
2025-06-20 11:40:00.097730,687.0,1,686.0,4,687.0,73,1,2357,2025-06-20
2025-06-20 11:40:01.592175,686.0,1,686.0,3,687.0,73,2,2357,2025-06-20
2025-06-20 11:40:10.493807,687.0,1,686.0,10,687.0,72,1,2357,2025-06-20
2025-06-20 11:40:29.604181,686.0,1,686.0,19,687.0,41,2,2357,2025-06-20
2025-06-20 11:40:31.103891,687.0,1,686.0,19,687.0,40,1,2357,2025-06-20
2025-06-20 11:40:48.922484,686.0,1,686.0,19,687.0,47,2,2357,2025-06-20
2025-06-20 11:41:04.133735,686.0,1,686.0,20,687.0,42,2,2357,2025-06-20
2025-06-20 11:41:10.498824,687.0,1,686.0,20,687.0,41,1,2357,2025-06-20
2025-06-20 11:41:12.091440,687.0,1,686.0,20,687.0,40,1,2357,2025-06-20
2025-06-20 11:41:17.076920,687.0,1,686.0,24,687.0,40,1,2357,2025-06-20
2025-06-20 11:41:24.789369,687.0,1,686.0,24,687.0,35,1,2357,2025-06-20
2025-06-20 11:41:50.276159,687.0,5,686.0,26,687.0,31,1,2357,2025-06-20
2025-06-20 11:41:50.287558,687.0,31,686.0,30,688.0,35,1,2357,2025-06-20
2025-06-20 11:42:00.956281,688.0,1,687.0,30,688.0,29,1,2357,2025-06-20
2025-06-20 11:42:02.208746,688.0,1,687.0,30,688.0,29,1,2357,2025-06-20
2025-06-20 11:42:20.504780,688.0,1,687.0,6,688.0,29,1,2357,2025-06-20
2025-06-20 11:42:29.148626,688.0,1,687.0,6,688.0,28,1,2357,2025-06-20
2025-06-20 11:42:33.100239,687.0,1,687.0,7,688.0,28,2,2357,2025-06-20
2025-06-20 11:42:41.377136,688.0,2,687.0,7,688.0,26,1,2357,2025-06-20
2025-06-20 11:42:52.811936,688.0,1,687.0,7,688.0,27,1,2357,2025-06-20
2025-06-20 11:43:08.918101,687.0,1,687.0,9,688.0,29,2,2357,2025-06-20
2025-06-20 11:43:09.509619,688.0,2,687.0,9,688.0,27,1,2357,2025-06-20
2025-06-20 11:43:10.430796,687.0,1,687.0,8,688.0,27,2,2357,2025-06-20
2025-06-20 11:43:14.076356,688.0,1,687.0,8,688.0,26,1,2357,2025-06-20
2025-06-20 11:43:20.112112,687.0,1,687.0,21,688.0,27,2,2357,2025-06-20
2025-06-20 11:43:20.462803,688.0,1,687.0,21,688.0,26,1,2357,2025-06-20
2025-06-20 11:43:36.088459,688.0,1,687.0,22,688.0,26,1,2357,2025-06-20
2025-06-20 11:44:02.053236,687.0,1,687.0,29,688.0,26,2,2357,2025-06-20
2025-06-20 11:44:10.878362,688.0,1,687.0,31,688.0,25,1,2357,2025-06-20
2025-06-20 11:44:17.106361,688.0,1,687.0,34,688.0,24,1,2357,2025-06-20
2025-06-20 11:44:30.468620,688.0,1,687.0,33,688.0,22,1,2357,2025-06-20
2025-06-20 11:44:38.385297,688.0,1,687.0,36,688.0,22,1,2357,2025-06-20
2025-06-20 11:44:48.799601,688.0,1,687.0,37,688.0,21,1,2357,2025-06-20
2025-06-20 11:45:00.105772,688.0,1,687.0,37,688.0,21,1,2357,2025-06-20
2025-06-20 11:45:28.509918,688.0,1,687.0,34,688.0,22,1,2357,2025-06-20
2025-06-20 11:45:29.917035,687.0,1,687.0,33,688.0,22,2,2357,2025-06-20
2025-06-20 11:45:30.241535,687.0,1,687.0,32,688.0,22,2,2357,2025-06-20
2025-06-20 11:45:30.505220,688.0,1,687.0,32,688.0,21,1,2357,2025-06-20
2025-06-20 11:45:34.282667,688.0,1,687.0,39,688.0,20,1,2357,2025-06-20
2025-06-20 11:45:46.432610,687.0,1,687.0,29,688.0,20,2,2357,2025-06-20
2025-06-20 11:46:00.067771,688.0,1,687.0,16,688.0,19,1,2357,2025-06-20
2025-06-20 11:46:13.936986,688.0,1,687.0,17,688.0,32,1,2357,2025-06-20
2025-06-20 11:46:16.790611,688.0,1,687.0,13,688.0,31,1,2357,2025-06-20
2025-06-20 11:46:19.833737,688.0,3,687.0,13,688.0,28,1,2357,2025-06-20
2025-06-20 11:46:30.478876,688.0,1,687.0,22,688.0,27,1,2357,2025-06-20
2025-06-20 11:46:59.196133,687.0,1,687.0,21,688.0,27,2,2357,2025-06-20
2025-06-20 11:47:17.102653,687.0,1,687.0,18,688.0,29,2,2357,2025-06-20
2025-06-20 11:47:35.518077,688.0,1,687.0,15,688.0,28,1,2357,2025-06-20
2025-06-20 11:47:37.167200,687.0,1,687.0,14,688.0,27,2,2357,2025-06-20
2025-06-20 11:47:40.468782,688.0,1,687.0,14,688.0,26,1,2357,2025-06-20
2025-06-20 11:47:43.797231,688.0,1,687.0,14,688.0,25,1,2357,2025-06-20
2025-06-20 11:47:50.913212,687.0,1,687.0,13,688.0,25,2,2357,2025-06-20
2025-06-20 11:47:59.727567,687.0,10,687.0,4,688.0,25,2,2357,2025-06-20
2025-06-20 11:48:03.468871,688.0,1,687.0,4,688.0,24,1,2357,2025-06-20
2025-06-20 11:48:24.100461,688.0,1,687.0,6,688.0,24,1,2357,2025-06-20
2025-06-20 11:48:28.142359,687.0,1,687.0,5,688.0,24,2,2357,2025-06-20
2025-06-20 11:48:29.518466,688.0,2,687.0,5,688.0,22,1,2357,2025-06-20
2025-06-20 11:48:35.356156,688.0,1,687.0,19,688.0,22,1,2357,2025-06-20
2025-06-20 11:48:40.473736,688.0,1,687.0,24,688.0,21,1,2357,2025-06-20
2025-06-20 11:48:47.322864,688.0,1,687.0,26,688.0,20,1,2357,2025-06-20
2025-06-20 11:49:04.078558,688.0,2,687.0,30,688.0,18,1,2357,2025-06-20
2025-06-20 11:49:04.645741,688.0,1,687.0,33,688.0,17,1,2357,2025-06-20
2025-06-20 11:49:21.430256,687.0,1,687.0,32,688.0,18,2,2357,2025-06-20
2025-06-20 11:49:40.800327,688.0,1,687.0,28,688.0,18,1,2357,2025-06-20
2025-06-20 11:49:50.495249,688.0,1,687.0,28,688.0,17,1,2357,2025-06-20
2025-06-20 11:49:56.085582,687.0,1,687.0,27,688.0,17,2,2357,2025-06-20
2025-06-20 11:50:00.108606,688.0,1,687.0,27,688.0,16,1,2357,2025-06-20
2025-06-20 11:50:10.906785,687.0,1,687.0,26,688.0,16,2,2357,2025-06-20
2025-06-20 11:50:48.101065,688.0,1,687.0,24,688.0,24,1,2357,2025-06-20
2025-06-20 11:50:50.500425,688.0,1,687.0,24,688.0,24,1,2357,2025-06-20
2025-06-20 11:51:03.131892,687.0,1,687.0,23,688.0,24,2,2357,2025-06-20
2025-06-20 11:51:07.797212,688.0,1,687.0,23,688.0,23,1,2357,2025-06-20
2025-06-20 11:51:09.510342,688.0,2,687.0,23,688.0,21,1,2357,2025-06-20
2025-06-20 11:51:14.011089,687.0,1,687.0,27,688.0,21,2,2357,2025-06-20
2025-06-20 11:51:25.133305,687.0,1,687.0,27,688.0,21,2,2357,2025-06-20
2025-06-20 11:51:47.371703,687.0,1,687.0,22,688.0,21,2,2357,2025-06-20
2025-06-20 11:51:49.233091,688.0,1,687.0,22,688.0,20,1,2357,2025-06-20
2025-06-20 11:51:50.260806,688.0,1,687.0,27,688.0,19,1,2357,2025-06-20
2025-06-20 11:51:50.942681,688.0,1,687.0,27,688.0,18,1,2357,2025-06-20
2025-06-20 11:52:00.506078,688.0,1,687.0,32,688.0,17,1,2357,2025-06-20
2025-06-20 11:52:04.433613,688.0,1,687.0,27,688.0,18,1,2357,2025-06-20
2025-06-20 11:52:31.914984,687.0,1,687.0,26,688.0,18,2,2357,2025-06-20
2025-06-20 11:52:35.799294,688.0,1,687.0,22,688.0,17,1,2357,2025-06-20
2025-06-20 11:52:54.123798,687.0,1,687.0,32,688.0,17,2,2357,2025-06-20
2025-06-20 11:53:00.479867,688.0,1,687.0,29,688.0,16,1,2357,2025-06-20
2025-06-20 11:53:06.938615,688.0,1,687.0,30,688.0,16,1,2357,2025-06-20
2025-06-20 11:53:12.098346,688.0,1,687.0,31,688.0,15,1,2357,2025-06-20
2025-06-20 11:53:49.215573,688.0,1,687.0,30,688.0,16,1,2357,2025-06-20
2025-06-20 11:53:49.461321,688.0,2,687.0,30,688.0,14,1,2357,2025-06-20
2025-06-20 11:53:54.538151,688.0,1,687.0,37,688.0,13,1,2357,2025-06-20
2025-06-20 11:54:00.004659,688.0,1,687.0,37,688.0,13,1,2357,2025-06-20
2025-06-20 11:54:10.501251,688.0,1,687.0,34,688.0,25,1,2357,2025-06-20
2025-06-20 11:54:22.103315,687.0,1,687.0,30,688.0,25,2,2357,2025-06-20
2025-06-20 11:54:31.791877,688.0,1,687.0,31,688.0,24,1,2357,2025-06-20
2025-06-20 11:54:50.274030,688.0,1,687.0,38,688.0,23,1,2357,2025-06-20
2025-06-20 11:54:57.582884,687.0,1,687.0,41,688.0,23,2,2357,2025-06-20
2025-06-20 11:55:00.118163,688.0,1,687.0,41,688.0,22,1,2357,2025-06-20
2025-06-20 11:55:10.490619,688.0,1,687.0,41,688.0,22,1,2357,2025-06-20
2025-06-20 11:55:11.158043,687.0,1,687.0,42,688.0,22,2,2357,2025-06-20
2025-06-20 11:55:31.445403,687.0,1,687.0,37,688.0,27,2,2357,2025-06-20
2025-06-20 11:55:35.237700,688.0,1,687.0,35,688.0,27,1,2357,2025-06-20
2025-06-20 11:55:36.113828,688.0,1,687.0,35,688.0,26,1,2357,2025-06-20
2025-06-20 11:55:49.912772,688.0,1,687.0,34,688.0,26,1,2357,2025-06-20
2025-06-20 11:55:51.065720,687.0,1,687.0,34,688.0,26,2,2357,2025-06-20
2025-06-20 11:55:59.793612,688.0,1,687.0,35,688.0,25,1,2357,2025-06-20
2025-06-20 11:56:10.495566,688.0,1,687.0,39,688.0,24,1,2357,2025-06-20
2025-06-20 11:56:19.325009,687.0,1,687.0,40,688.0,24,2,2357,2025-06-20
2025-06-20 11:56:29.456972,688.0,2,687.0,39,688.0,22,1,2357,2025-06-20
2025-06-20 11:57:02.674650,688.0,1,687.0,45,688.0,23,1,2357,2025-06-20
2025-06-20 11:57:03.039238,688.0,1,687.0,45,688.0,22,1,2357,2025-06-20
2025-06-20 11:57:13.915739,687.0,1,687.0,44,688.0,22,2,2357,2025-06-20
2025-06-20 11:57:20.319417,687.0,1,687.0,43,688.0,22,2,2357,2025-06-20
2025-06-20 11:57:20.501490,688.0,1,687.0,43,688.0,21,1,2357,2025-06-20
2025-06-20 11:57:25.655610,688.0,2,687.0,44,688.0,19,1,2357,2025-06-20
