ts,close,volume,bid_price,bid_volume,ask_price,ask_volume,tick_type,code,date
2025-06-19 09:00:17.997419,707.0,30,705.0,1,707.0,3,1,2357,2025-06-19
2025-06-19 09:00:18.171907,707.0,1,706.0,1,707.0,2,1,2357,2025-06-19
2025-06-19 09:00:22.685315,706.0,1,706.0,6,707.0,8,2,2357,2025-06-19
2025-06-19 09:00:22.847685,707.0,1,706.0,6,707.0,8,1,2357,2025-06-19
2025-06-19 09:00:28.310538,706.0,2,706.0,4,707.0,8,2,2357,2025-06-19
2025-06-19 09:00:42.385950,706.0,5,705.0,1,707.0,10,2,2357,2025-06-19
2025-06-19 09:00:57.169735,705.0,1,705.0,1,706.0,2,2,2357,2025-06-19
2025-06-19 09:01:14.485551,705.0,1,705.0,3,706.0,10,2,2357,2025-06-19
2025-06-19 09:01:23.778786,706.0,5,705.0,15,707.0,2,1,2357,2025-06-19
2025-06-19 09:01:23.846356,707.0,1,706.0,1,707.0,1,1,2357,2025-06-19
2025-06-19 09:01:23.910293,707.0,1,706.0,5,708.0,8,1,2357,2025-06-19
2025-06-19 09:01:24.032604,708.0,6,706.0,5,708.0,2,1,2357,2025-06-19
2025-06-19 09:01:24.060598,707.0,1,706.0,5,708.0,2,1,2357,2025-06-19
2025-06-19 09:01:38.824579,707.0,2,707.0,2,708.0,2,2,2357,2025-06-19
2025-06-19 09:01:41.527240,708.0,1,707.0,2,708.0,1,1,2357,2025-06-19
2025-06-19 09:01:46.811382,707.0,1,707.0,2,708.0,1,2,2357,2025-06-19
2025-06-19 09:01:47.440538,708.0,1,707.0,2,709.0,9,1,2357,2025-06-19
2025-06-19 09:02:21.717424,708.0,1,707.0,4,708.0,7,1,2357,2025-06-19
2025-06-19 09:02:25.279734,708.0,1,707.0,5,708.0,6,1,2357,2025-06-19
2025-06-19 09:02:30.630929,708.0,1,707.0,5,708.0,5,1,2357,2025-06-19
2025-06-19 09:02:48.438383,707.0,1,707.0,6,708.0,10,2,2357,2025-06-19
2025-06-19 09:02:57.496551,708.0,10,707.0,8,708.0,1,1,2357,2025-06-19
2025-06-19 09:02:57.537962,708.0,1,707.0,8,709.0,11,1,2357,2025-06-19
2025-06-19 09:02:57.577686,709.0,2,707.0,15,709.0,9,1,2357,2025-06-19
2025-06-19 09:02:58.544633,709.0,2,708.0,8,709.0,9,1,2357,2025-06-19
2025-06-19 09:02:58.574809,709.0,2,708.0,7,709.0,5,1,2357,2025-06-19
2025-06-19 09:02:58.574984,709.0,3,708.0,7,709.0,2,1,2357,2025-06-19
2025-06-19 09:02:58.609202,709.0,2,708.0,10,709.0,2,1,2357,2025-06-19
2025-06-19 09:03:00.051966,710.0,2,709.0,3,710.0,45,1,2357,2025-06-19
2025-06-19 09:03:00.910483,710.0,1,709.0,11,710.0,44,1,2357,2025-06-19
2025-06-19 09:03:00.958802,710.0,1,709.0,11,710.0,43,1,2357,2025-06-19
2025-06-19 09:03:06.156749,710.0,1,709.0,12,710.0,42,1,2357,2025-06-19
2025-06-19 09:03:16.514908,710.0,1,709.0,13,710.0,43,1,2357,2025-06-19
2025-06-19 09:03:22.294136,710.0,1,709.0,13,710.0,43,1,2357,2025-06-19
2025-06-19 09:03:27.578983,710.0,1,709.0,13,710.0,42,1,2357,2025-06-19
2025-06-19 09:03:42.220845,710.0,1,709.0,15,710.0,42,1,2357,2025-06-19
2025-06-19 09:03:42.315617,709.0,1,709.0,14,710.0,42,2,2357,2025-06-19
2025-06-19 09:03:43.857991,709.0,3,709.0,11,710.0,43,2,2357,2025-06-19
2025-06-19 09:03:50.187276,709.0,1,709.0,11,710.0,45,2,2357,2025-06-19
2025-06-19 09:03:52.684007,709.0,1,709.0,10,710.0,45,2,2357,2025-06-19
2025-06-19 09:03:54.576340,709.0,1,709.0,9,710.0,45,2,2357,2025-06-19
2025-06-19 09:03:55.912187,709.0,1,709.0,9,710.0,45,2,2357,2025-06-19
2025-06-19 09:03:55.945201,710.0,9,709.0,9,710.0,36,1,2357,2025-06-19
2025-06-19 09:03:57.041210,709.0,1,709.0,12,710.0,36,2,2357,2025-06-19
2025-06-19 09:03:57.125490,710.0,2,709.0,29,710.0,34,1,2357,2025-06-19
2025-06-19 09:03:57.132124,710.0,2,709.0,30,710.0,32,1,2357,2025-06-19
2025-06-19 09:03:57.132303,710.0,12,709.0,30,710.0,20,1,2357,2025-06-19
2025-06-19 09:03:57.165273,710.0,20,709.0,30,711.0,31,1,2357,2025-06-19
2025-06-19 09:03:57.191859,711.0,2,710.0,6,711.0,29,1,2357,2025-06-19
2025-06-19 09:03:57.444125,711.0,3,710.0,11,711.0,26,1,2357,2025-06-19
2025-06-19 09:04:04.249805,710.0,1,710.0,15,711.0,26,2,2357,2025-06-19
2025-06-19 09:04:11.450920,710.0,1,710.0,15,711.0,27,2,2357,2025-06-19
2025-06-19 09:04:14.925103,710.0,2,710.0,13,711.0,31,2,2357,2025-06-19
2025-06-19 09:04:21.057907,710.0,12,709.0,11,711.0,39,2,2357,2025-06-19
2025-06-19 09:04:28.186671,710.0,1,709.0,6,710.0,12,1,2357,2025-06-19
2025-06-19 09:04:37.313465,709.0,1,709.0,5,710.0,3,2,2357,2025-06-19
2025-06-19 09:04:39.378574,709.0,1,709.0,4,710.0,5,2,2357,2025-06-19
2025-06-19 09:04:43.321146,709.0,1,709.0,4,710.0,10,2,2357,2025-06-19
2025-06-19 09:04:49.330464,709.0,1,709.0,4,710.0,9,2,2357,2025-06-19
2025-06-19 09:04:51.355461,709.0,1,709.0,3,710.0,9,2,2357,2025-06-19
2025-06-19 09:04:53.754075,709.0,1,709.0,2,710.0,9,2,2357,2025-06-19
2025-06-19 09:04:53.758805,709.0,2,708.0,10,710.0,9,2,2357,2025-06-19
2025-06-19 09:04:55.395606,708.0,1,708.0,1,709.0,7,2,2357,2025-06-19
2025-06-19 09:04:57.337949,708.0,1,707.0,12,709.0,7,2,2357,2025-06-19
2025-06-19 09:04:59.196751,709.0,1,707.0,6,709.0,8,1,2357,2025-06-19
2025-06-19 09:05:00.032439,707.0,3,707.0,10,709.0,6,2,2357,2025-06-19
2025-06-19 09:05:23.329084,708.0,1,707.0,2,708.0,6,1,2357,2025-06-19
2025-06-19 09:05:37.716702,708.0,1,707.0,11,709.0,1,1,2357,2025-06-19
2025-06-19 09:06:17.890505,708.0,1,708.0,2,709.0,11,2,2357,2025-06-19
2025-06-19 09:06:25.305150,708.0,2,707.0,9,709.0,12,2,2357,2025-06-19
2025-06-19 09:07:06.224425,708.0,3,707.0,5,709.0,7,1,2357,2025-06-19
2025-06-19 09:07:06.290676,708.0,1,707.0,6,709.0,8,1,2357,2025-06-19
2025-06-19 09:07:47.634867,707.0,1,707.0,5,708.0,9,2,2357,2025-06-19
2025-06-19 09:08:01.549503,707.0,1,707.0,4,708.0,10,2,2357,2025-06-19
2025-06-19 09:08:32.741150,707.0,1,707.0,3,708.0,25,2,2357,2025-06-19
2025-06-19 09:08:42.329746,707.0,1,707.0,3,708.0,19,2,2357,2025-06-19
2025-06-19 09:08:56.005526,707.0,1,707.0,2,708.0,18,2,2357,2025-06-19
2025-06-19 09:09:25.268239,707.0,1,706.0,14,707.0,10,1,2357,2025-06-19
2025-06-19 09:09:35.407430,706.0,1,706.0,13,707.0,7,2,2357,2025-06-19
2025-06-19 09:10:07.820574,706.0,1,706.0,12,707.0,14,2,2357,2025-06-19
2025-06-19 09:10:07.880922,706.0,8,706.0,4,707.0,14,2,2357,2025-06-19
2025-06-19 09:10:08.403232,706.0,1,706.0,6,707.0,13,2,2357,2025-06-19
2025-06-19 09:10:13.870346,706.0,1,706.0,6,707.0,13,2,2357,2025-06-19
2025-06-19 09:10:52.210425,706.0,1,706.0,6,707.0,21,2,2357,2025-06-19
2025-06-19 09:10:52.334759,706.0,1,706.0,5,707.0,21,2,2357,2025-06-19
2025-06-19 09:10:53.300619,706.0,1,706.0,4,707.0,21,2,2357,2025-06-19
2025-06-19 09:10:53.380699,706.0,1,706.0,3,707.0,21,2,2357,2025-06-19
2025-06-19 09:10:58.696228,706.0,3,705.0,9,706.0,2,2,2357,2025-06-19
2025-06-19 09:11:06.270058,706.0,1,705.0,13,706.0,6,1,2357,2025-06-19
2025-06-19 09:11:24.475624,705.0,1,705.0,11,706.0,6,2,2357,2025-06-19
2025-06-19 09:11:29.929265,706.0,2,705.0,13,706.0,4,1,2357,2025-06-19
2025-06-19 09:11:30.787535,705.0,1,705.0,12,706.0,4,2,2357,2025-06-19
2025-06-19 09:12:01.656451,706.0,1,705.0,12,706.0,5,1,2357,2025-06-19
2025-06-19 09:12:10.147591,705.0,1,705.0,11,706.0,5,2,2357,2025-06-19
2025-06-19 09:12:21.598479,705.0,1,705.0,12,706.0,8,2,2357,2025-06-19
2025-06-19 09:12:26.271476,706.0,1,705.0,12,706.0,9,1,2357,2025-06-19
2025-06-19 09:12:44.791664,706.0,1,705.0,12,706.0,8,1,2357,2025-06-19
2025-06-19 09:12:48.493697,705.0,1,705.0,12,706.0,8,2,2357,2025-06-19
2025-06-19 09:13:26.821222,705.0,1,705.0,13,706.0,9,2,2357,2025-06-19
2025-06-19 09:13:33.764466,705.0,1,705.0,12,706.0,9,2,2357,2025-06-19
2025-06-19 09:13:55.585328,706.0,3,705.0,14,706.0,6,1,2357,2025-06-19
2025-06-19 09:13:56.436293,706.0,6,705.0,15,707.0,10,1,2357,2025-06-19
2025-06-19 09:13:56.590001,706.0,1,705.0,18,706.0,1,1,2357,2025-06-19
2025-06-19 09:14:05.201991,705.0,1,705.0,17,707.0,9,2,2357,2025-06-19
2025-06-19 09:14:28.284245,706.0,1,705.0,16,706.0,5,1,2357,2025-06-19
2025-06-19 09:14:34.857193,706.0,2,705.0,18,706.0,6,1,2357,2025-06-19
2025-06-19 09:14:35.430429,706.0,7,705.0,18,707.0,10,1,2357,2025-06-19
2025-06-19 09:14:45.460552,705.0,2,705.0,15,707.0,8,2,2357,2025-06-19
2025-06-19 09:15:11.900282,706.0,1,706.0,6,707.0,10,2,2357,2025-06-19
2025-06-19 09:15:43.271518,706.0,5,706.0,2,707.0,11,2,2357,2025-06-19
2025-06-19 09:16:01.459603,706.0,1,706.0,2,707.0,12,2,2357,2025-06-19
2025-06-19 09:16:09.111281,706.0,1,706.0,2,707.0,13,2,2357,2025-06-19
2025-06-19 09:16:09.265586,707.0,1,706.0,2,707.0,12,1,2357,2025-06-19
2025-06-19 09:16:10.300949,706.0,3,705.0,17,707.0,12,2,2357,2025-06-19
2025-06-19 09:16:34.390247,706.0,2,705.0,16,707.0,11,2,2357,2025-06-19
2025-06-19 09:17:00.903115,706.0,1,705.0,16,707.0,17,2,2357,2025-06-19
2025-06-19 09:17:05.291145,705.0,1,705.0,15,707.0,19,2,2357,2025-06-19
2025-06-19 09:17:09.299910,705.0,1,705.0,13,707.0,19,2,2357,2025-06-19
2025-06-19 09:17:30.271783,706.0,1,705.0,13,706.0,9,1,2357,2025-06-19
2025-06-19 09:17:57.695528,705.0,1,705.0,12,706.0,10,2,2357,2025-06-19
2025-06-19 09:18:00.054570,706.0,1,705.0,12,706.0,9,1,2357,2025-06-19
2025-06-19 09:18:00.055311,706.0,1,705.0,12,706.0,8,1,2357,2025-06-19
2025-06-19 09:18:00.111091,705.0,1,705.0,11,706.0,7,2,2357,2025-06-19
2025-06-19 09:18:16.054754,705.0,1,705.0,10,706.0,9,2,2357,2025-06-19
2025-06-19 09:18:36.103024,705.0,1,705.0,9,706.0,12,2,2357,2025-06-19
2025-06-19 09:18:36.143796,705.0,9,704.0,10,706.0,12,2,2357,2025-06-19
2025-06-19 09:18:36.211522,704.0,1,704.0,9,705.0,4,2,2357,2025-06-19
2025-06-19 09:18:36.245612,704.0,1,704.0,8,705.0,6,2,2357,2025-06-19
2025-06-19 09:18:41.866563,704.0,1,704.0,7,705.0,8,2,2357,2025-06-19
2025-06-19 09:18:56.187008,704.0,1,704.0,8,705.0,12,2,2357,2025-06-19
2025-06-19 09:19:01.777151,704.0,1,704.0,7,705.0,12,2,2357,2025-06-19
2025-06-19 09:19:14.443422,704.0,1,704.0,6,705.0,12,2,2357,2025-06-19
2025-06-19 09:19:14.510938,704.0,1,704.0,5,705.0,12,2,2357,2025-06-19
2025-06-19 09:19:30.329612,704.0,1,704.0,4,705.0,10,2,2357,2025-06-19
2025-06-19 09:19:31.265096,705.0,1,704.0,4,705.0,9,1,2357,2025-06-19
2025-06-19 09:19:53.840036,704.0,1,704.0,3,705.0,9,2,2357,2025-06-19
2025-06-19 09:20:00.973376,704.0,2,704.0,1,705.0,11,2,2357,2025-06-19
2025-06-19 09:20:07.087118,704.0,1,703.0,13,705.0,15,2,2357,2025-06-19
2025-06-19 09:20:32.265224,703.0,1,703.0,14,705.0,12,2,2357,2025-06-19
2025-06-19 09:20:58.432037,704.0,1,704.0,3,705.0,14,2,2357,2025-06-19
2025-06-19 09:21:03.332382,704.0,1,704.0,3,705.0,14,2,2357,2025-06-19
2025-06-19 09:21:05.316671,704.0,1,704.0,2,705.0,14,2,2357,2025-06-19
2025-06-19 09:21:08.631123,704.0,1,704.0,1,705.0,14,2,2357,2025-06-19
2025-06-19 09:21:09.312019,704.0,1,704.0,1,705.0,14,2,2357,2025-06-19
2025-06-19 09:21:10.589403,704.0,1,703.0,14,705.0,14,2,2357,2025-06-19
2025-06-19 09:21:11.077902,703.0,1,703.0,12,705.0,14,2,2357,2025-06-19
2025-06-19 09:21:12.270769,705.0,1,703.0,13,705.0,13,1,2357,2025-06-19
2025-06-19 09:21:13.294500,703.0,1,703.0,12,705.0,13,2,2357,2025-06-19
2025-06-19 09:22:19.344552,704.0,1,703.0,13,704.0,12,1,2357,2025-06-19
2025-06-19 09:22:28.292119,703.0,1,703.0,12,704.0,15,2,2357,2025-06-19
2025-06-19 09:22:33.279240,704.0,1,703.0,12,704.0,14,1,2357,2025-06-19
2025-06-19 09:23:05.276240,703.0,1,703.0,11,704.0,15,2,2357,2025-06-19
2025-06-19 09:23:05.336046,703.0,1,703.0,10,704.0,15,2,2357,2025-06-19
2025-06-19 09:23:06.756281,703.0,1,703.0,9,704.0,15,2,2357,2025-06-19
2025-06-19 09:23:45.039372,703.0,1,703.0,9,704.0,18,2,2357,2025-06-19
2025-06-19 09:24:06.922677,703.0,1,703.0,8,704.0,20,2,2357,2025-06-19
2025-06-19 09:24:11.449350,703.0,1,703.0,7,704.0,20,2,2357,2025-06-19
2025-06-19 09:24:11.527205,703.0,1,703.0,6,704.0,20,2,2357,2025-06-19
2025-06-19 09:24:23.450458,703.0,1,703.0,5,704.0,21,2,2357,2025-06-19
2025-06-19 09:24:23.558402,703.0,1,703.0,5,704.0,23,2,2357,2025-06-19
2025-06-19 09:24:34.268066,704.0,1,703.0,5,704.0,21,1,2357,2025-06-19
2025-06-19 09:24:47.216455,703.0,1,703.0,5,704.0,22,2,2357,2025-06-19
2025-06-19 09:25:02.900681,703.0,1,703.0,4,704.0,22,2,2357,2025-06-19
2025-06-19 09:25:15.116310,703.0,1,703.0,2,704.0,23,2,2357,2025-06-19
2025-06-19 09:25:20.349062,703.0,1,703.0,1,704.0,27,2,2357,2025-06-19
2025-06-19 09:25:22.435186,703.0,1,702.0,7,704.0,26,2,2357,2025-06-19
2025-06-19 09:25:41.285450,702.0,1,702.0,9,703.0,14,2,2357,2025-06-19
2025-06-19 09:25:47.086821,702.0,1,702.0,7,703.0,18,2,2357,2025-06-19
2025-06-19 09:26:00.560667,702.0,1,702.0,6,703.0,17,2,2357,2025-06-19
2025-06-19 09:26:00.663068,702.0,1,702.0,5,703.0,17,2,2357,2025-06-19
2025-06-19 09:26:10.678681,702.0,1,702.0,13,703.0,17,2,2357,2025-06-19
2025-06-19 09:26:12.875537,703.0,1,702.0,14,703.0,16,1,2357,2025-06-19
2025-06-19 09:26:15.329882,703.0,1,702.0,14,703.0,15,1,2357,2025-06-19
2025-06-19 09:26:19.728855,702.0,1,702.0,13,703.0,17,2,2357,2025-06-19
2025-06-19 09:26:20.714378,702.0,9,702.0,4,703.0,17,2,2357,2025-06-19
2025-06-19 09:26:20.782492,702.0,1,702.0,4,703.0,17,2,2357,2025-06-19
2025-06-19 09:26:22.710559,702.0,1,702.0,2,703.0,17,2,2357,2025-06-19
2025-06-19 09:26:24.447266,702.0,1,702.0,1,703.0,17,2,2357,2025-06-19
2025-06-19 09:26:24.961163,702.0,1,701.0,5,703.0,17,2,2357,2025-06-19
2025-06-19 09:26:38.617075,702.0,1,701.0,7,702.0,9,1,2357,2025-06-19
2025-06-19 09:26:38.617478,702.0,1,701.0,7,702.0,8,1,2357,2025-06-19
2025-06-19 09:26:38.694653,702.0,8,701.0,9,703.0,11,1,2357,2025-06-19
2025-06-19 09:26:40.729866,702.0,1,702.0,3,703.0,12,2,2357,2025-06-19
2025-06-19 09:26:45.544664,702.0,1,702.0,2,703.0,12,2,2357,2025-06-19
2025-06-19 09:26:58.146005,702.0,1,702.0,3,703.0,12,2,2357,2025-06-19
2025-06-19 09:27:03.388681,702.0,1,702.0,2,703.0,12,2,2357,2025-06-19
2025-06-19 09:27:11.850216,702.0,1,702.0,2,703.0,13,2,2357,2025-06-19
2025-06-19 09:27:26.933385,702.0,1,702.0,2,703.0,14,2,2357,2025-06-19
2025-06-19 09:27:29.870949,702.0,1,702.0,1,703.0,16,2,2357,2025-06-19
2025-06-19 09:27:31.661185,702.0,1,701.0,15,703.0,16,2,2357,2025-06-19
2025-06-19 09:27:36.265893,702.0,1,701.0,11,702.0,2,1,2357,2025-06-19
2025-06-19 09:27:37.483194,701.0,1,701.0,11,702.0,2,2,2357,2025-06-19
2025-06-19 09:27:42.378690,701.0,1,701.0,10,702.0,5,2,2357,2025-06-19
2025-06-19 09:28:15.914001,701.0,1,701.0,9,702.0,10,2,2357,2025-06-19
2025-06-19 09:28:15.938838,701.0,1,701.0,8,702.0,10,2,2357,2025-06-19
2025-06-19 09:28:54.275961,701.0,1,701.0,7,702.0,14,2,2357,2025-06-19
2025-06-19 09:28:57.673314,701.0,1,701.0,12,702.0,14,2,2357,2025-06-19
2025-06-19 09:28:58.125395,702.0,4,701.0,12,702.0,10,1,2357,2025-06-19
2025-06-19 09:28:58.161343,702.0,10,701.0,12,703.0,10,1,2357,2025-06-19
2025-06-19 09:28:58.204263,702.0,1,701.0,15,703.0,10,1,2357,2025-06-19
2025-06-19 09:28:58.309416,702.0,1,701.0,13,703.0,10,2,2357,2025-06-19
2025-06-19 09:29:21.598789,702.0,1,701.0,21,703.0,11,1,2357,2025-06-19
2025-06-19 09:29:27.433477,702.0,1,701.0,22,703.0,11,1,2357,2025-06-19
2025-06-19 09:29:33.584404,701.0,1,701.0,20,703.0,11,2,2357,2025-06-19
2025-06-19 09:29:37.262011,703.0,1,701.0,21,703.0,18,1,2357,2025-06-19
2025-06-19 09:29:47.310673,702.0,1,701.0,24,703.0,16,1,2357,2025-06-19
2025-06-19 09:30:11.991675,701.0,1,701.0,24,702.0,13,2,2357,2025-06-19
2025-06-19 09:30:40.884167,701.0,1,701.0,22,702.0,8,2,2357,2025-06-19
2025-06-19 09:30:50.321777,701.0,1,701.0,23,702.0,9,2,2357,2025-06-19
2025-06-19 09:30:57.911462,702.0,1,701.0,25,702.0,10,1,2357,2025-06-19
2025-06-19 09:31:20.641606,702.0,10,701.0,29,703.0,9,1,2357,2025-06-19
2025-06-19 09:31:28.725022,702.0,1,702.0,2,703.0,12,2,2357,2025-06-19
2025-06-19 09:32:03.959571,702.0,1,702.0,2,703.0,13,2,2357,2025-06-19
2025-06-19 09:32:08.121083,702.0,1,702.0,1,703.0,18,2,2357,2025-06-19
2025-06-19 09:32:44.146914,702.0,1,701.0,26,703.0,20,2,2357,2025-06-19
2025-06-19 09:32:44.306274,702.0,1,701.0,26,702.0,1,1,2357,2025-06-19
2025-06-19 09:32:46.570802,701.0,1,701.0,26,703.0,20,2,2357,2025-06-19
2025-06-19 09:33:24.234712,701.0,1,701.0,25,703.0,20,2,2357,2025-06-19
2025-06-19 09:33:24.784724,701.0,1,701.0,24,703.0,20,2,2357,2025-06-19
2025-06-19 09:33:24.960344,701.0,1,701.0,23,703.0,21,2,2357,2025-06-19
2025-06-19 09:33:58.610952,702.0,1,701.0,24,702.0,20,1,2357,2025-06-19
2025-06-19 09:33:59.323476,701.0,1,701.0,23,702.0,20,2,2357,2025-06-19
2025-06-19 09:34:03.460631,701.0,1,701.0,22,702.0,22,2,2357,2025-06-19
2025-06-19 09:34:34.185772,702.0,23,701.0,21,702.0,3,1,2357,2025-06-19
2025-06-19 09:34:34.211903,702.0,1,701.0,24,702.0,2,1,2357,2025-06-19
2025-06-19 09:34:34.212497,702.0,2,701.0,24,703.0,9,1,2357,2025-06-19
2025-06-19 09:34:35.733785,701.0,3,701.0,29,703.0,8,2,2357,2025-06-19
2025-06-19 09:34:41.821381,701.0,1,701.0,26,703.0,17,2,2357,2025-06-19
2025-06-19 09:35:17.189483,703.0,1,701.0,27,703.0,25,1,2357,2025-06-19
2025-06-19 09:35:17.190344,703.0,1,701.0,27,703.0,24,1,2357,2025-06-19
2025-06-19 09:35:21.196033,701.0,1,701.0,27,702.0,17,2,2357,2025-06-19
2025-06-19 09:35:24.466458,702.0,1,701.0,27,702.0,16,1,2357,2025-06-19
2025-06-19 09:35:27.986311,701.0,1,701.0,26,702.0,11,2,2357,2025-06-19
2025-06-19 09:35:59.586035,701.0,1,701.0,28,702.0,12,2,2357,2025-06-19
2025-06-19 09:36:22.656837,701.0,1,701.0,27,702.0,14,2,2357,2025-06-19
2025-06-19 09:36:37.991902,701.0,1,701.0,26,702.0,14,2,2357,2025-06-19
2025-06-19 09:37:17.374774,701.0,1,701.0,26,702.0,15,2,2357,2025-06-19
2025-06-19 09:37:24.046448,701.0,1,701.0,25,702.0,15,2,2357,2025-06-19
2025-06-19 09:37:25.406620,702.0,1,701.0,25,702.0,14,1,2357,2025-06-19
2025-06-19 09:37:49.637239,702.0,1,701.0,25,702.0,13,1,2357,2025-06-19
2025-06-19 09:37:55.764377,701.0,1,701.0,24,702.0,13,2,2357,2025-06-19
2025-06-19 09:38:17.415045,701.0,1,701.0,23,702.0,14,2,2357,2025-06-19
2025-06-19 09:38:34.271635,701.0,1,701.0,22,702.0,14,2,2357,2025-06-19
2025-06-19 09:38:39.985631,701.0,1,701.0,23,702.0,14,2,2357,2025-06-19
2025-06-19 09:39:12.643358,701.0,1,701.0,24,702.0,21,2,2357,2025-06-19
2025-06-19 09:39:36.463469,702.0,1,701.0,27,702.0,22,1,2357,2025-06-19
2025-06-19 09:39:43.184643,701.0,1,701.0,27,702.0,23,2,2357,2025-06-19
2025-06-19 09:39:51.026143,701.0,1,701.0,26,702.0,28,2,2357,2025-06-19
2025-06-19 09:40:30.436495,701.0,1,701.0,31,702.0,24,2,2357,2025-06-19
2025-06-19 09:41:08.841538,701.0,1,701.0,30,702.0,27,2,2357,2025-06-19
2025-06-19 09:41:22.179082,701.0,1,701.0,29,702.0,27,2,2357,2025-06-19
2025-06-19 09:41:24.267265,702.0,1,701.0,29,702.0,26,1,2357,2025-06-19
2025-06-19 09:41:45.651100,702.0,1,701.0,27,702.0,27,1,2357,2025-06-19
2025-06-19 09:41:47.167944,701.0,1,701.0,26,702.0,27,2,2357,2025-06-19
2025-06-19 09:41:54.604542,701.0,1,701.0,25,702.0,32,2,2357,2025-06-19
2025-06-19 09:42:26.531739,701.0,1,701.0,30,702.0,27,2,2357,2025-06-19
2025-06-19 09:42:45.268924,702.0,1,701.0,31,702.0,23,1,2357,2025-06-19
2025-06-19 09:42:55.174544,702.0,3,701.0,33,702.0,21,1,2357,2025-06-19
2025-06-19 09:42:55.205554,702.0,1,701.0,36,702.0,20,1,2357,2025-06-19
2025-06-19 09:42:55.205964,702.0,15,701.0,36,702.0,5,1,2357,2025-06-19
2025-06-19 09:42:55.207959,702.0,1,701.0,36,702.0,4,1,2357,2025-06-19
2025-06-19 09:42:55.235787,702.0,4,701.0,33,703.0,7,1,2357,2025-06-19
2025-06-19 09:42:55.276669,703.0,4,702.0,20,703.0,1,1,2357,2025-06-19
2025-06-19 09:42:55.278114,703.0,1,703.0,1,704.0,4,1,2357,2025-06-19
2025-06-19 09:42:55.320220,703.0,1,703.0,1,704.0,5,2,2357,2025-06-19
2025-06-19 09:42:55.362485,703.0,1,702.0,21,704.0,5,2,2357,2025-06-19
2025-06-19 09:42:57.671102,704.0,2,703.0,8,704.0,1,1,2357,2025-06-19
2025-06-19 09:42:57.701709,704.0,1,703.0,7,705.0,8,1,2357,2025-06-19
2025-06-19 09:43:04.975627,703.0,1,703.0,6,704.0,2,2,2357,2025-06-19
2025-06-19 09:43:38.580992,703.0,1,703.0,5,704.0,3,2,2357,2025-06-19
2025-06-19 09:43:43.388496,703.0,1,703.0,6,704.0,3,2,2357,2025-06-19
2025-06-19 09:43:55.772139,704.0,1,703.0,7,704.0,3,1,2357,2025-06-19
2025-06-19 09:43:55.772693,704.0,1,703.0,7,704.0,2,1,2357,2025-06-19
2025-06-19 09:43:57.212241,704.0,1,703.0,7,704.0,1,1,2357,2025-06-19
2025-06-19 09:44:20.713230,704.0,2,703.0,11,704.0,1,1,2357,2025-06-19
2025-06-19 09:44:30.115214,704.0,1,703.0,13,704.0,1,1,2357,2025-06-19
2025-06-19 09:44:46.261759,704.0,1,703.0,15,704.0,2,1,2357,2025-06-19
2025-06-19 09:45:48.504323,704.0,1,703.0,15,704.0,5,1,2357,2025-06-19
2025-06-19 09:46:10.613402,704.0,1,703.0,16,704.0,5,1,2357,2025-06-19
2025-06-19 09:46:11.364057,704.0,1,703.0,16,704.0,4,1,2357,2025-06-19
2025-06-19 09:46:13.812772,704.0,1,703.0,18,704.0,3,1,2357,2025-06-19
2025-06-19 09:46:15.881473,704.0,1,703.0,17,704.0,2,1,2357,2025-06-19
2025-06-19 09:46:27.269834,704.0,1,703.0,15,704.0,2,1,2357,2025-06-19
2025-06-19 09:46:43.501620,704.0,1,703.0,15,704.0,1,1,2357,2025-06-19
2025-06-19 09:47:11.205848,704.0,1,703.0,15,704.0,7,1,2357,2025-06-19
2025-06-19 09:47:48.278810,704.0,1,703.0,17,704.0,9,1,2357,2025-06-19
2025-06-19 09:48:04.291453,703.0,1,703.0,17,704.0,9,2,2357,2025-06-19
2025-06-19 09:48:15.048688,704.0,1,703.0,17,704.0,10,1,2357,2025-06-19
2025-06-19 09:48:32.286940,703.0,1,703.0,19,704.0,15,2,2357,2025-06-19
2025-06-19 09:48:34.830901,704.0,1,703.0,19,704.0,14,1,2357,2025-06-19
2025-06-19 09:48:34.984023,703.0,1,703.0,18,704.0,13,2,2357,2025-06-19
2025-06-19 09:48:36.100594,704.0,1,703.0,19,704.0,12,1,2357,2025-06-19
2025-06-19 09:48:52.282817,703.0,1,703.0,18,704.0,12,2,2357,2025-06-19
2025-06-19 09:49:23.715941,704.0,1,703.0,18,704.0,12,1,2357,2025-06-19
2025-06-19 09:49:30.758848,703.0,1,703.0,17,704.0,12,2,2357,2025-06-19
2025-06-19 09:49:46.615570,703.0,1,703.0,16,704.0,14,2,2357,2025-06-19
2025-06-19 09:49:50.255948,704.0,1,703.0,16,704.0,13,1,2357,2025-06-19
2025-06-19 09:50:10.181669,703.0,1,703.0,16,704.0,18,2,2357,2025-06-19
2025-06-19 09:50:11.306671,703.0,1,703.0,15,704.0,18,2,2357,2025-06-19
2025-06-19 09:50:11.519213,703.0,1,703.0,14,704.0,21,2,2357,2025-06-19
2025-06-19 09:50:11.572569,703.0,4,703.0,10,704.0,21,2,2357,2025-06-19
2025-06-19 09:50:11.608522,703.0,5,703.0,7,704.0,17,2,2357,2025-06-19
2025-06-19 09:50:15.298754,703.0,1,703.0,9,704.0,19,2,2357,2025-06-19
2025-06-19 09:50:25.930648,703.0,2,703.0,7,704.0,19,2,2357,2025-06-19
2025-06-19 09:50:38.888247,703.0,1,703.0,5,704.0,18,2,2357,2025-06-19
2025-06-19 09:50:48.515143,703.0,1,703.0,4,704.0,19,2,2357,2025-06-19
2025-06-19 09:51:26.900242,703.0,1,703.0,4,704.0,21,2,2357,2025-06-19
2025-06-19 09:51:27.059836,703.0,2,703.0,3,704.0,21,2,2357,2025-06-19
2025-06-19 09:51:27.212070,703.0,2,703.0,1,704.0,21,2,2357,2025-06-19
2025-06-19 09:51:31.380302,704.0,1,703.0,2,704.0,21,1,2357,2025-06-19
2025-06-19 09:52:05.395309,703.0,1,703.0,8,704.0,20,2,2357,2025-06-19
2025-06-19 09:52:23.701711,703.0,1,703.0,3,704.0,20,2,2357,2025-06-19
2025-06-19 09:52:34.331192,704.0,1,703.0,3,704.0,19,1,2357,2025-06-19
2025-06-19 09:52:34.331392,704.0,1,703.0,3,704.0,18,1,2357,2025-06-19
2025-06-19 09:52:44.539274,703.0,1,703.0,2,704.0,18,2,2357,2025-06-19
2025-06-19 09:52:48.416468,703.0,2,702.0,27,704.0,18,2,2357,2025-06-19
2025-06-19 09:52:51.270394,704.0,1,703.0,7,704.0,17,1,2357,2025-06-19
2025-06-19 09:53:00.123493,704.0,2,703.0,8,704.0,15,1,2357,2025-06-19
2025-06-19 09:53:00.123899,704.0,2,703.0,9,704.0,13,1,2357,2025-06-19
2025-06-19 09:53:00.722124,704.0,2,703.0,18,704.0,11,1,2357,2025-06-19
2025-06-19 09:53:11.575268,704.0,2,703.0,17,704.0,11,1,2357,2025-06-19
2025-06-19 09:53:22.850528,703.0,1,703.0,15,704.0,11,2,2357,2025-06-19
2025-06-19 09:54:01.267448,703.0,1,703.0,14,704.0,12,2,2357,2025-06-19
2025-06-19 09:54:02.307256,703.0,1,703.0,13,704.0,11,2,2357,2025-06-19
2025-06-19 09:54:40.568710,703.0,1,703.0,12,704.0,12,2,2357,2025-06-19
2025-06-19 09:54:53.261652,704.0,1,703.0,10,704.0,21,1,2357,2025-06-19
2025-06-19 09:55:00.004841,704.0,4,703.0,10,704.0,7,1,2357,2025-06-19
2025-06-19 09:55:18.833561,703.0,1,703.0,9,704.0,6,2,2357,2025-06-19
2025-06-19 09:55:40.589752,704.0,1,703.0,10,704.0,16,1,2357,2025-06-19
2025-06-19 09:55:57.304116,703.0,1,703.0,9,704.0,6,2,2357,2025-06-19
2025-06-19 09:56:01.083767,703.0,1,703.0,10,704.0,6,2,2357,2025-06-19
2025-06-19 09:56:01.202899,703.0,1,703.0,9,704.0,6,2,2357,2025-06-19
2025-06-19 09:56:34.262278,704.0,1,703.0,11,704.0,6,1,2357,2025-06-19
2025-06-19 09:56:36.749992,703.0,1,703.0,12,704.0,9,2,2357,2025-06-19
2025-06-19 09:56:53.622825,704.0,3,703.0,9,704.0,10,1,2357,2025-06-19
2025-06-19 09:56:53.655081,704.0,2,703.0,9,704.0,8,1,2357,2025-06-19
2025-06-19 09:57:15.217224,703.0,1,703.0,13,704.0,7,2,2357,2025-06-19
2025-06-19 09:57:53.634728,703.0,1,703.0,18,704.0,7,2,2357,2025-06-19
2025-06-19 09:57:55.263740,704.0,1,703.0,16,704.0,6,1,2357,2025-06-19
2025-06-19 09:57:57.607991,703.0,1,703.0,15,704.0,6,2,2357,2025-06-19
2025-06-19 09:58:34.580202,704.0,3,703.0,17,704.0,4,1,2357,2025-06-19
2025-06-19 09:58:38.117283,703.0,1,703.0,16,704.0,5,2,2357,2025-06-19
2025-06-19 09:58:52.069509,703.0,2,703.0,25,704.0,5,2,2357,2025-06-19
2025-06-19 09:58:57.445215,703.0,1,703.0,27,704.0,4,2,2357,2025-06-19
2025-06-19 09:59:39.661694,704.0,4,703.0,25,704.0,9,1,2357,2025-06-19
2025-06-19 09:59:49.829267,704.0,1,704.0,2,705.0,10,2,2357,2025-06-19
2025-06-19 10:00:13.443970,704.0,1,704.0,4,705.0,19,2,2357,2025-06-19
2025-06-19 10:00:28.208627,704.0,1,704.0,4,705.0,19,2,2357,2025-06-19
2025-06-19 10:00:45.670672,704.0,1,704.0,5,705.0,10,2,2357,2025-06-19
2025-06-19 10:00:53.167936,704.0,2,704.0,3,705.0,11,2,2357,2025-06-19
2025-06-19 10:01:01.002396,704.0,1,704.0,2,705.0,11,2,2357,2025-06-19
2025-06-19 10:01:03.223018,705.0,3,704.0,2,705.0,8,1,2357,2025-06-19
2025-06-19 10:01:06.540756,704.0,1,704.0,3,705.0,8,2,2357,2025-06-19
2025-06-19 10:01:12.897685,705.0,1,704.0,3,705.0,7,1,2357,2025-06-19
2025-06-19 10:01:12.897695,705.0,1,704.0,3,705.0,6,1,2357,2025-06-19
2025-06-19 10:01:15.991578,704.0,1,704.0,2,705.0,6,2,2357,2025-06-19
2025-06-19 10:01:44.956447,704.0,1,704.0,1,705.0,16,2,2357,2025-06-19
2025-06-19 10:02:03.129219,704.0,1,704.0,1,705.0,17,2,2357,2025-06-19
2025-06-19 10:02:24.394391,704.0,1,704.0,3,705.0,20,2,2357,2025-06-19
2025-06-19 10:02:30.015068,704.0,1,704.0,5,705.0,21,2,2357,2025-06-19
2025-06-19 10:02:53.064514,704.0,2,704.0,3,705.0,20,2,2357,2025-06-19
2025-06-19 10:03:00.981214,704.0,1,704.0,2,705.0,13,2,2357,2025-06-19
2025-06-19 10:03:02.804362,704.0,1,704.0,1,705.0,13,2,2357,2025-06-19
2025-06-19 10:03:05.549957,704.0,1,703.0,18,704.0,1,2,2357,2025-06-19
2025-06-19 10:03:33.138507,704.0,3,703.0,21,704.0,4,1,2357,2025-06-19
2025-06-19 10:03:33.159102,704.0,2,703.0,23,704.0,3,1,2357,2025-06-19
2025-06-19 10:03:33.168949,704.0,2,703.0,24,704.0,1,1,2357,2025-06-19
2025-06-19 10:03:33.217721,704.0,1,703.0,25,705.0,7,1,2357,2025-06-19
2025-06-19 10:03:35.871433,705.0,3,704.0,11,705.0,4,1,2357,2025-06-19
2025-06-19 10:03:35.951616,705.0,4,704.0,8,706.0,11,1,2357,2025-06-19
2025-06-19 10:03:41.195755,704.0,1,704.0,22,706.0,10,2,2357,2025-06-19
2025-06-19 10:03:53.068670,704.0,1,704.0,22,706.0,11,2,2357,2025-06-19
2025-06-19 10:04:19.675498,704.0,1,704.0,16,705.0,3,2,2357,2025-06-19
2025-06-19 10:04:27.888226,705.0,1,704.0,10,705.0,2,1,2357,2025-06-19
2025-06-19 10:04:36.451165,705.0,1,704.0,7,705.0,1,1,2357,2025-06-19
2025-06-19 10:04:54.163139,704.0,2,704.0,6,705.0,2,2,2357,2025-06-19
2025-06-19 10:04:59.074660,704.0,1,704.0,4,705.0,3,2,2357,2025-06-19
2025-06-19 10:04:59.261168,705.0,1,704.0,4,705.0,2,1,2357,2025-06-19
2025-06-19 10:05:32.191409,705.0,1,704.0,6,706.0,14,1,2357,2025-06-19
2025-06-19 10:05:37.513054,704.0,1,704.0,5,706.0,15,2,2357,2025-06-19
2025-06-19 10:06:15.900723,705.0,1,705.0,2,706.0,17,2,2357,2025-06-19
2025-06-19 10:06:18.040674,706.0,1,705.0,3,706.0,16,1,2357,2025-06-19
2025-06-19 10:06:20.283577,705.0,1,705.0,3,706.0,17,2,2357,2025-06-19
2025-06-19 10:06:21.271781,705.0,1,705.0,2,706.0,17,2,2357,2025-06-19
2025-06-19 10:06:30.887403,705.0,1,705.0,1,706.0,17,2,2357,2025-06-19
2025-06-19 10:06:31.030295,705.0,1,704.0,10,706.0,16,2,2357,2025-06-19
2025-06-19 10:06:40.271707,706.0,1,704.0,10,706.0,15,1,2357,2025-06-19
2025-06-19 10:06:42.227912,704.0,1,704.0,10,706.0,15,2,2357,2025-06-19
2025-06-19 10:06:52.991900,705.0,2,704.0,8,706.0,15,2,2357,2025-06-19
2025-06-19 10:06:54.331004,704.0,1,704.0,9,706.0,16,2,2357,2025-06-19
2025-06-19 10:06:55.062438,704.0,2,704.0,5,706.0,17,2,2357,2025-06-19
2025-06-19 10:07:07.249784,704.0,1,704.0,3,705.0,1,2,2357,2025-06-19
2025-06-19 10:07:38.283802,704.0,1,704.0,4,705.0,5,2,2357,2025-06-19
2025-06-19 10:08:00.466457,704.0,1,704.0,4,705.0,5,2,2357,2025-06-19
2025-06-19 10:08:01.267916,705.0,1,704.0,4,705.0,4,1,2357,2025-06-19
2025-06-19 10:08:06.613223,705.0,1,704.0,7,705.0,3,1,2357,2025-06-19
2025-06-19 10:08:46.439961,705.0,3,704.0,6,705.0,3,1,2357,2025-06-19
2025-06-19 10:08:55.159248,704.0,2,704.0,4,705.0,4,2,2357,2025-06-19
2025-06-19 10:09:00.979698,704.0,1,704.0,1,705.0,4,2,2357,2025-06-19
2025-06-19 10:09:08.000603,704.0,1,703.0,29,705.0,5,2,2357,2025-06-19
2025-06-19 10:09:51.479125,705.0,1,704.0,5,705.0,6,1,2357,2025-06-19
2025-06-19 10:09:51.479372,705.0,1,704.0,5,705.0,5,1,2357,2025-06-19
2025-06-19 10:10:01.012402,704.0,1,704.0,4,705.0,5,2,2357,2025-06-19
2025-06-19 10:10:02.260958,705.0,1,704.0,3,705.0,4,1,2357,2025-06-19
2025-06-19 10:10:56.057636,704.0,2,704.0,9,705.0,10,2,2357,2025-06-19
2025-06-19 10:11:00.958391,704.0,1,704.0,10,705.0,10,2,2357,2025-06-19
2025-06-19 10:11:16.607848,705.0,1,704.0,13,705.0,10,1,2357,2025-06-19
2025-06-19 10:11:25.156017,704.0,1,704.0,12,705.0,10,2,2357,2025-06-19
2025-06-19 10:11:32.201465,705.0,3,704.0,9,705.0,10,1,2357,2025-06-19
2025-06-19 10:11:43.263217,705.0,1,704.0,10,705.0,9,1,2357,2025-06-19
2025-06-19 10:11:46.121793,704.0,1,704.0,9,705.0,9,2,2357,2025-06-19
2025-06-19 10:12:03.561144,704.0,1,704.0,9,705.0,10,2,2357,2025-06-19
2025-06-19 10:12:23.439813,704.0,1,704.0,8,705.0,13,2,2357,2025-06-19
2025-06-19 10:12:30.934728,704.0,1,704.0,11,705.0,14,2,2357,2025-06-19
2025-06-19 10:12:42.006564,704.0,1,704.0,11,705.0,14,2,2357,2025-06-19
2025-06-19 10:12:57.155185,704.0,2,704.0,9,705.0,17,2,2357,2025-06-19
2025-06-19 10:13:21.463358,704.0,1,704.0,8,705.0,18,2,2357,2025-06-19
2025-06-19 10:13:40.087682,704.0,6,703.0,30,705.0,21,2,2357,2025-06-19
2025-06-19 10:13:40.120259,704.0,1,703.0,30,704.0,1,1,2357,2025-06-19
2025-06-19 10:13:40.158359,704.0,1,703.0,28,704.0,3,1,2357,2025-06-19
2025-06-19 10:13:40.223530,703.0,1,703.0,25,704.0,5,2,2357,2025-06-19
2025-06-19 10:14:01.688193,704.0,3,703.0,20,704.0,10,1,2357,2025-06-19
2025-06-19 10:14:01.803898,703.0,1,703.0,19,704.0,9,2,2357,2025-06-19
2025-06-19 10:14:10.758653,704.0,1,703.0,19,704.0,9,1,2357,2025-06-19
2025-06-19 10:14:22.925966,703.0,1,703.0,16,704.0,10,2,2357,2025-06-19
2025-06-19 10:14:26.607596,704.0,1,703.0,16,704.0,10,1,2357,2025-06-19
2025-06-19 10:14:30.975878,703.0,1,703.0,15,704.0,10,2,2357,2025-06-19
2025-06-19 10:14:57.054148,703.0,2,703.0,13,704.0,13,2,2357,2025-06-19
2025-06-19 10:15:55.199368,704.0,20,703.0,14,704.0,3,1,2357,2025-06-19
2025-06-19 10:15:55.278875,704.0,1,703.0,15,704.0,2,1,2357,2025-06-19
2025-06-19 10:15:55.280423,704.0,2,703.0,15,704.0,2,1,2357,2025-06-19
2025-06-19 10:16:00.202496,704.0,1,703.0,25,705.0,12,2,2357,2025-06-19
2025-06-19 10:16:30.970294,704.0,1,704.0,8,705.0,18,2,2357,2025-06-19
2025-06-19 10:16:34.552903,704.0,1,704.0,7,705.0,18,2,2357,2025-06-19
2025-06-19 10:16:56.114814,704.0,2,704.0,8,705.0,19,2,2357,2025-06-19
2025-06-19 10:16:56.131773,704.0,8,703.0,26,705.0,19,2,2357,2025-06-19
2025-06-19 10:16:58.150250,703.0,2,703.0,19,705.0,22,2,2357,2025-06-19
2025-06-19 10:17:01.040587,703.0,1,703.0,18,705.0,22,2,2357,2025-06-19
2025-06-19 10:17:08.671832,704.0,1,704.0,1,705.0,22,2,2357,2025-06-19
2025-06-19 10:17:24.374339,704.0,1,703.0,18,704.0,9,1,2357,2025-06-19
2025-06-19 10:17:44.219348,703.0,1,703.0,19,704.0,9,2,2357,2025-06-19
2025-06-19 10:18:07.265408,704.0,1,703.0,20,704.0,9,1,2357,2025-06-19
2025-06-19 10:18:30.038447,704.0,1,703.0,20,704.0,11,1,2357,2025-06-19
2025-06-19 10:18:30.038736,704.0,1,703.0,20,704.0,10,1,2357,2025-06-19
2025-06-19 10:18:30.980340,703.0,1,703.0,21,704.0,9,2,2357,2025-06-19
2025-06-19 10:18:40.953329,704.0,1,703.0,21,704.0,8,1,2357,2025-06-19
2025-06-19 10:18:41.032625,704.0,1,703.0,17,704.0,7,1,2357,2025-06-19
2025-06-19 10:18:47.006230,704.0,1,703.0,21,704.0,6,1,2357,2025-06-19
2025-06-19 10:18:49.818762,704.0,1,703.0,21,704.0,5,1,2357,2025-06-19
2025-06-19 10:18:50.346019,704.0,1,703.0,20,704.0,4,1,2357,2025-06-19
2025-06-19 10:18:50.392369,704.0,1,703.0,20,704.0,4,1,2357,2025-06-19
2025-06-19 10:18:50.870396,704.0,1,703.0,20,704.0,2,1,2357,2025-06-19
2025-06-19 10:18:51.422271,704.0,1,703.0,20,704.0,1,1,2357,2025-06-19
2025-06-19 10:18:51.457004,704.0,1,704.0,1,705.0,15,1,2357,2025-06-19
2025-06-19 10:18:51.459630,704.0,1,703.0,21,704.0,2,2,2357,2025-06-19
2025-06-19 10:18:51.556309,704.0,1,703.0,19,704.0,1,1,2357,2025-06-19
2025-06-19 10:18:51.766324,704.0,1,703.0,22,705.0,15,1,2357,2025-06-19
2025-06-19 10:18:59.048712,704.0,2,704.0,1,705.0,20,2,2357,2025-06-19
2025-06-19 10:19:17.275821,704.0,1,703.0,23,705.0,19,1,2357,2025-06-19
2025-06-19 10:19:37.776899,704.0,2,704.0,1,705.0,19,1,2357,2025-06-19
2025-06-19 10:19:37.868107,704.0,1,704.0,2,705.0,19,2,2357,2025-06-19
2025-06-19 10:19:37.891191,704.0,2,703.0,19,705.0,19,2,2357,2025-06-19
2025-06-19 10:19:38.049635,703.0,2,703.0,17,705.0,20,2,2357,2025-06-19
2025-06-19 10:20:08.300609,704.0,1,703.0,15,704.0,2,1,2357,2025-06-19
2025-06-19 10:20:15.819224,704.0,2,703.0,15,705.0,19,1,2357,2025-06-19
2025-06-19 10:20:29.818109,703.0,1,703.0,14,704.0,1,2,2357,2025-06-19
2025-06-19 10:20:30.974632,703.0,1,703.0,13,704.0,1,2,2357,2025-06-19
2025-06-19 10:20:37.599431,704.0,1,703.0,11,705.0,19,1,2357,2025-06-19
2025-06-19 10:20:59.145324,703.0,2,703.0,13,705.0,19,2,2357,2025-06-19
2025-06-19 10:21:26.409182,703.0,1,703.0,13,704.0,3,2,2357,2025-06-19
2025-06-19 10:21:49.267346,704.0,1,703.0,14,704.0,2,1,2357,2025-06-19
2025-06-19 10:21:49.356652,704.0,1,703.0,13,704.0,2,1,2357,2025-06-19
2025-06-19 10:21:53.944663,704.0,2,704.0,1,705.0,20,1,2357,2025-06-19
2025-06-19 10:21:53.963242,704.0,1,703.0,10,705.0,20,2,2357,2025-06-19
2025-06-19 10:22:15.997886,703.0,1,703.0,9,705.0,27,2,2357,2025-06-19
2025-06-19 10:22:31.015917,703.0,1,703.0,9,704.0,1,2,2357,2025-06-19
2025-06-19 10:22:49.327299,704.0,1,703.0,9,704.0,1,1,2357,2025-06-19
2025-06-19 10:22:51.142605,703.0,9,702.0,22,704.0,9,2,2357,2025-06-19
2025-06-19 10:22:51.317947,702.0,6,702.0,13,704.0,12,2,2357,2025-06-19
2025-06-19 10:23:00.042578,702.0,2,702.0,6,703.0,1,2,2357,2025-06-19
2025-06-19 10:23:10.265535,703.0,1,702.0,6,703.0,1,1,2357,2025-06-19
2025-06-19 10:23:25.988740,702.0,1,702.0,3,704.0,20,2,2357,2025-06-19
2025-06-19 10:24:00.976467,702.0,1,702.0,5,704.0,26,2,2357,2025-06-19
2025-06-19 10:24:01.064434,702.0,1,702.0,4,704.0,26,2,2357,2025-06-19
2025-06-19 10:24:53.082573,702.0,1,702.0,10,703.0,9,2,2357,2025-06-19
2025-06-19 10:24:56.901554,702.0,1,702.0,9,703.0,9,2,2357,2025-06-19
2025-06-19 10:25:01.140220,702.0,2,702.0,8,703.0,9,2,2357,2025-06-19
2025-06-19 10:25:35.302195,702.0,1,702.0,12,703.0,13,2,2357,2025-06-19
2025-06-19 10:26:00.126970,702.0,1,702.0,11,703.0,15,2,2357,2025-06-19
2025-06-19 10:26:13.718056,702.0,1,702.0,19,703.0,15,2,2357,2025-06-19
2025-06-19 10:26:23.903357,702.0,1,702.0,21,703.0,15,2,2357,2025-06-19
2025-06-19 10:26:33.101186,702.0,1,702.0,23,703.0,15,2,2357,2025-06-19
2025-06-19 10:26:52.256242,702.0,1,702.0,22,703.0,15,2,2357,2025-06-19
2025-06-19 10:26:57.888098,703.0,3,702.0,19,703.0,12,1,2357,2025-06-19
2025-06-19 10:26:59.141869,702.0,1,702.0,18,703.0,13,2,2357,2025-06-19
2025-06-19 10:27:01.038816,702.0,2,702.0,16,703.0,13,2,2357,2025-06-19
2025-06-19 10:27:01.052532,702.0,5,702.0,11,703.0,13,2,2357,2025-06-19
2025-06-19 10:27:01.201576,702.0,4,702.0,7,703.0,17,2,2357,2025-06-19
2025-06-19 10:27:01.264125,702.0,2,702.0,5,703.0,17,2,2357,2025-06-19
2025-06-19 10:27:01.408315,703.0,1,702.0,5,703.0,18,1,2357,2025-06-19
2025-06-19 10:27:08.617970,703.0,1,702.0,6,703.0,12,1,2357,2025-06-19
2025-06-19 10:27:08.618155,703.0,1,702.0,6,703.0,11,1,2357,2025-06-19
2025-06-19 10:27:20.680567,703.0,1,702.0,6,703.0,9,1,2357,2025-06-19
2025-06-19 10:27:30.972478,702.0,1,702.0,5,703.0,9,2,2357,2025-06-19
2025-06-19 10:27:31.583985,702.0,1,702.0,5,703.0,9,2,2357,2025-06-19
2025-06-19 10:27:35.609437,703.0,1,702.0,5,703.0,8,1,2357,2025-06-19
2025-06-19 10:28:00.391851,702.0,1,702.0,5,703.0,8,2,2357,2025-06-19
2025-06-19 10:28:00.996373,702.0,1,702.0,4,703.0,8,2,2357,2025-06-19
2025-06-19 10:28:16.284383,702.0,1,702.0,4,703.0,10,2,2357,2025-06-19
2025-06-19 10:29:02.137023,702.0,2,702.0,5,703.0,12,2,2357,2025-06-19
2025-06-19 10:29:36.000702,703.0,3,702.0,3,703.0,9,1,2357,2025-06-19
2025-06-19 10:30:00.975297,702.0,1,702.0,2,703.0,9,2,2357,2025-06-19
2025-06-19 10:30:08.034229,702.0,1,702.0,1,703.0,10,2,2357,2025-06-19
2025-06-19 10:30:15.256850,703.0,1,702.0,3,703.0,9,1,2357,2025-06-19
2025-06-19 10:30:20.286315,702.0,1,702.0,2,703.0,11,2,2357,2025-06-19
2025-06-19 10:30:40.668013,702.0,1,702.0,1,703.0,12,2,2357,2025-06-19
2025-06-19 10:30:53.607726,702.0,1,702.0,2,703.0,16,2,2357,2025-06-19
2025-06-19 10:30:55.076577,702.0,2,701.0,35,703.0,16,2,2357,2025-06-19
2025-06-19 10:31:03.036229,701.0,2,701.0,31,702.0,3,2,2357,2025-06-19
2025-06-19 10:31:12.607689,702.0,1,701.0,31,702.0,3,1,2357,2025-06-19
2025-06-19 10:31:23.006630,701.0,1,701.0,30,702.0,5,2,2357,2025-06-19
2025-06-19 10:31:27.300724,702.0,2,701.0,30,702.0,3,1,2357,2025-06-19
2025-06-19 10:31:27.902192,702.0,1,701.0,30,702.0,2,1,2357,2025-06-19
2025-06-19 10:31:59.848151,702.0,3,701.0,30,702.0,7,1,2357,2025-06-19
2025-06-19 10:32:00.985181,701.0,1,701.0,29,702.0,7,2,2357,2025-06-19
2025-06-19 10:32:01.390227,701.0,1,701.0,28,702.0,7,2,2357,2025-06-19
2025-06-19 10:32:14.112779,701.0,28,700.0,28,701.0,5,2,2357,2025-06-19
2025-06-19 10:32:40.750756,700.0,1,700.0,21,701.0,7,2,2357,2025-06-19
2025-06-19 10:32:40.856182,700.0,1,700.0,21,701.0,7,2,2357,2025-06-19
2025-06-19 10:32:45.778959,700.0,1,700.0,21,701.0,7,2,2357,2025-06-19
2025-06-19 10:32:46.058571,700.0,1,700.0,20,701.0,7,2,2357,2025-06-19
2025-06-19 10:33:03.133378,700.0,2,700.0,18,701.0,8,2,2357,2025-06-19
2025-06-19 10:33:06.640785,700.0,1,700.0,17,701.0,9,2,2357,2025-06-19
2025-06-19 10:33:19.150377,700.0,1,700.0,15,701.0,12,2,2357,2025-06-19
2025-06-19 10:33:23.056341,700.0,1,700.0,14,701.0,12,2,2357,2025-06-19
2025-06-19 10:33:24.304628,700.0,1,700.0,13,701.0,11,2,2357,2025-06-19
2025-06-19 10:33:36.333324,701.0,2,700.0,13,701.0,9,1,2357,2025-06-19
2025-06-19 10:33:46.463449,700.0,1,700.0,12,701.0,11,2,2357,2025-06-19
2025-06-19 10:33:49.845175,700.0,1,700.0,11,701.0,11,2,2357,2025-06-19
2025-06-19 10:33:57.590970,700.0,1,700.0,20,701.0,12,2,2357,2025-06-19
2025-06-19 10:34:00.963824,700.0,1,700.0,19,701.0,12,2,2357,2025-06-19
2025-06-19 10:34:35.973277,700.0,1,700.0,26,701.0,13,2,2357,2025-06-19
2025-06-19 10:34:56.133762,700.0,3,700.0,25,701.0,10,2,2357,2025-06-19
2025-06-19 10:35:04.029653,700.0,2,700.0,24,701.0,10,2,2357,2025-06-19
2025-06-19 10:35:08.603781,701.0,1,700.0,26,701.0,9,1,2357,2025-06-19
2025-06-19 10:35:09.335591,701.0,3,700.0,23,701.0,6,1,2357,2025-06-19
2025-06-19 10:35:15.374092,700.0,1,700.0,22,701.0,6,2,2357,2025-06-19
2025-06-19 10:35:17.284122,700.0,1,700.0,21,701.0,6,2,2357,2025-06-19
2025-06-19 10:35:18.673457,701.0,1,700.0,21,701.0,5,1,2357,2025-06-19
2025-06-19 10:35:22.890982,700.0,1,700.0,20,701.0,5,2,2357,2025-06-19
2025-06-19 10:35:30.987157,700.0,1,700.0,21,701.0,5,2,2357,2025-06-19
2025-06-19 10:35:45.393476,701.0,2,700.0,21,701.0,4,1,2357,2025-06-19
2025-06-19 10:35:47.185266,701.0,1,700.0,21,701.0,3,1,2357,2025-06-19
2025-06-19 10:35:47.185603,701.0,1,700.0,21,701.0,2,1,2357,2025-06-19
2025-06-19 10:35:53.785214,700.0,1,700.0,20,701.0,2,2,2357,2025-06-19
2025-06-19 10:36:31.100853,700.0,1,700.0,19,701.0,7,2,2357,2025-06-19
2025-06-19 10:36:32.119431,700.0,1,700.0,21,701.0,7,2,2357,2025-06-19
2025-06-19 10:36:39.565851,700.0,1,700.0,20,701.0,7,2,2357,2025-06-19
2025-06-19 10:36:44.823720,701.0,3,700.0,20,701.0,4,1,2357,2025-06-19
2025-06-19 10:36:45.885092,700.0,1,700.0,20,701.0,4,2,2357,2025-06-19
2025-06-19 10:37:05.128282,700.0,2,700.0,17,701.0,4,2,2357,2025-06-19
2025-06-19 10:37:10.537607,700.0,1,700.0,18,701.0,4,2,2357,2025-06-19
2025-06-19 10:37:30.996868,700.0,1,700.0,15,701.0,6,2,2357,2025-06-19
2025-06-19 10:37:49.934546,700.0,1,700.0,15,701.0,8,2,2357,2025-06-19
2025-06-19 10:37:54.429571,701.0,2,700.0,15,701.0,6,1,2357,2025-06-19
2025-06-19 10:38:02.195866,700.0,1,700.0,16,701.0,6,2,2357,2025-06-19
2025-06-19 10:38:02.307494,700.0,1,700.0,15,701.0,6,2,2357,2025-06-19
2025-06-19 10:38:28.154655,700.0,1,700.0,12,701.0,10,2,2357,2025-06-19
2025-06-19 10:38:38.844019,700.0,2,700.0,11,701.0,13,2,2357,2025-06-19
2025-06-19 10:39:05.045773,700.0,2,700.0,9,701.0,15,2,2357,2025-06-19
2025-06-19 10:39:06.491415,700.0,1,700.0,8,701.0,15,2,2357,2025-06-19
2025-06-19 10:39:07.973940,700.0,5,700.0,3,701.0,15,2,2357,2025-06-19
2025-06-19 10:39:08.007125,700.0,2,699.0,34,701.0,18,2,2357,2025-06-19
2025-06-19 10:39:19.967654,700.0,3,699.0,28,700.0,4,1,2357,2025-06-19
2025-06-19 10:39:31.006835,699.0,1,699.0,28,700.0,8,2,2357,2025-06-19
2025-06-19 10:39:45.025250,699.0,1,699.0,27,700.0,9,2,2357,2025-06-19
2025-06-19 10:39:46.437565,699.0,1,699.0,26,700.0,10,2,2357,2025-06-19
2025-06-19 10:40:05.406649,699.0,1,699.0,23,700.0,16,2,2357,2025-06-19
2025-06-19 10:40:06.470939,700.0,1,699.0,23,700.0,15,1,2357,2025-06-19
2025-06-19 10:40:15.284510,699.0,1,699.0,22,700.0,17,2,2357,2025-06-19
2025-06-19 10:40:21.269722,700.0,1,699.0,22,700.0,16,1,2357,2025-06-19
2025-06-19 10:40:38.159253,699.0,1,699.0,20,700.0,19,2,2357,2025-06-19
2025-06-19 10:40:47.648520,700.0,20,699.0,20,700.0,3,1,2357,2025-06-19
2025-06-19 10:40:47.713760,700.0,1,699.0,20,700.0,3,1,2357,2025-06-19
2025-06-19 10:41:06.144346,699.0,2,699.0,26,700.0,4,2,2357,2025-06-19
2025-06-19 10:41:31.001309,699.0,1,699.0,24,700.0,2,2,2357,2025-06-19
2025-06-19 10:41:37.261157,700.0,1,699.0,23,700.0,2,1,2357,2025-06-19
2025-06-19 10:42:05.360367,700.0,3,699.0,24,700.0,1,1,2357,2025-06-19
2025-06-19 10:42:18.657824,700.0,1,699.0,25,700.0,1,1,2357,2025-06-19
2025-06-19 10:42:24.596797,700.0,1,699.0,34,700.0,2,1,2357,2025-06-19
2025-06-19 10:42:35.167099,700.0,2,699.0,34,701.0,13,1,2357,2025-06-19
2025-06-19 10:42:58.934005,700.0,2,699.0,43,701.0,14,1,2357,2025-06-19
2025-06-19 10:43:07.040776,699.0,2,699.0,44,701.0,13,2,2357,2025-06-19
2025-06-19 10:43:07.999473,701.0,1,699.0,41,701.0,12,1,2357,2025-06-19
2025-06-19 10:43:16.150324,700.0,1,700.0,8,701.0,12,2,2357,2025-06-19
2025-06-19 10:43:17.666895,701.0,1,700.0,5,701.0,11,1,2357,2025-06-19
2025-06-19 10:43:18.049832,700.0,1,700.0,4,701.0,11,2,2357,2025-06-19
2025-06-19 10:43:30.995582,700.0,1,700.0,5,701.0,11,2,2357,2025-06-19
2025-06-19 10:43:37.103174,700.0,1,700.0,14,701.0,14,2,2357,2025-06-19
2025-06-19 10:44:16.301905,700.0,1,700.0,22,701.0,23,2,2357,2025-06-19
2025-06-19 10:44:25.748850,701.0,1,700.0,32,701.0,22,1,2357,2025-06-19
2025-06-19 10:44:25.749081,701.0,1,700.0,32,701.0,21,1,2357,2025-06-19
2025-06-19 10:44:31.711688,701.0,3,700.0,29,701.0,18,1,2357,2025-06-19
2025-06-19 10:44:37.295697,701.0,2,700.0,29,701.0,16,1,2357,2025-06-19
2025-06-19 10:44:54.525323,700.0,1,700.0,28,701.0,16,2,2357,2025-06-19
2025-06-19 10:45:07.138509,700.0,2,700.0,27,701.0,16,2,2357,2025-06-19
2025-06-19 10:45:14.283946,700.0,1,700.0,26,701.0,19,2,2357,2025-06-19
2025-06-19 10:45:31.021534,700.0,1,700.0,28,701.0,20,2,2357,2025-06-19
2025-06-19 10:45:31.255748,700.0,1,700.0,27,701.0,20,2,2357,2025-06-19
2025-06-19 10:45:33.749867,700.0,1,700.0,26,701.0,21,2,2357,2025-06-19
2025-06-19 10:45:35.737186,701.0,10,700.0,26,701.0,12,1,2357,2025-06-19
2025-06-19 10:45:49.621924,701.0,1,700.0,38,701.0,10,1,2357,2025-06-19
2025-06-19 10:45:49.758511,701.0,2,700.0,37,701.0,10,1,2357,2025-06-19
2025-06-19 10:45:51.812014,700.0,1,700.0,36,701.0,8,2,2357,2025-06-19
2025-06-19 10:45:53.080572,700.0,1,700.0,35,701.0,8,2,2357,2025-06-19
2025-06-19 10:45:53.421701,701.0,8,701.0,2,702.0,12,1,2357,2025-06-19
2025-06-19 10:45:53.467539,701.0,2,700.0,36,702.0,10,2,2357,2025-06-19
2025-06-19 10:45:54.103690,702.0,1,700.0,41,702.0,8,1,2357,2025-06-19
2025-06-19 10:46:10.624134,702.0,1,701.0,36,702.0,13,1,2357,2025-06-19
2025-06-19 10:46:12.082529,701.0,1,701.0,35,702.0,13,2,2357,2025-06-19
2025-06-19 10:46:30.945003,701.0,1,701.0,34,702.0,13,2,2357,2025-06-19
2025-06-19 10:46:50.472826,701.0,1,701.0,38,702.0,14,2,2357,2025-06-19
2025-06-19 10:47:00.966254,701.0,1,701.0,37,702.0,14,2,2357,2025-06-19
2025-06-19 10:47:03.928963,702.0,3,701.0,34,702.0,11,1,2357,2025-06-19
2025-06-19 10:47:08.011818,701.0,2,701.0,33,702.0,11,2,2357,2025-06-19
2025-06-19 10:47:08.983297,702.0,1,701.0,33,702.0,10,1,2357,2025-06-19
2025-06-19 10:47:28.906448,701.0,1,701.0,34,702.0,10,2,2357,2025-06-19
2025-06-19 10:47:32.258068,701.0,1,701.0,33,702.0,10,2,2357,2025-06-19
2025-06-19 10:48:08.241676,701.0,1,701.0,32,702.0,13,2,2357,2025-06-19
2025-06-19 10:48:29.938468,701.0,2,701.0,39,702.0,14,2,2357,2025-06-19
2025-06-19 10:48:30.963971,701.0,1,701.0,38,702.0,14,2,2357,2025-06-19
2025-06-19 10:48:45.033456,702.0,1,701.0,39,702.0,15,1,2357,2025-06-19
2025-06-19 10:48:46.624966,701.0,1,701.0,38,702.0,15,2,2357,2025-06-19
2025-06-19 10:49:00.976317,701.0,1,701.0,40,702.0,15,2,2357,2025-06-19
2025-06-19 10:49:09.110722,701.0,2,701.0,38,702.0,15,2,2357,2025-06-19
2025-06-19 10:49:17.611253,701.0,1,701.0,37,702.0,15,2,2357,2025-06-19
2025-06-19 10:49:22.389134,702.0,1,701.0,40,702.0,13,1,2357,2025-06-19
2025-06-19 10:49:22.418641,702.0,1,701.0,40,702.0,12,1,2357,2025-06-19
2025-06-19 10:49:22.613941,702.0,1,701.0,40,702.0,11,1,2357,2025-06-19
2025-06-19 10:49:25.015022,701.0,1,701.0,40,702.0,11,2,2357,2025-06-19
2025-06-19 10:49:27.464552,701.0,2,701.0,38,702.0,9,2,2357,2025-06-19
2025-06-19 10:49:27.522405,701.0,1,701.0,37,702.0,8,2,2357,2025-06-19
2025-06-19 10:49:53.625104,702.0,3,701.0,35,702.0,5,1,2357,2025-06-19
2025-06-19 10:50:03.427881,701.0,1,701.0,34,702.0,6,2,2357,2025-06-19
2025-06-19 10:50:12.284063,701.0,1,701.0,33,702.0,6,2,2357,2025-06-19
2025-06-19 10:50:42.856216,701.0,1,701.0,33,702.0,9,2,2357,2025-06-19
2025-06-19 10:50:48.877532,702.0,2,701.0,33,702.0,8,1,2357,2025-06-19
2025-06-19 10:50:48.990837,702.0,1,701.0,33,702.0,7,1,2357,2025-06-19
2025-06-19 10:51:00.970468,701.0,1,701.0,32,702.0,7,2,2357,2025-06-19
2025-06-19 10:51:07.916323,701.0,1,701.0,31,702.0,7,2,2357,2025-06-19
2025-06-19 10:51:09.008237,701.0,2,701.0,29,702.0,7,2,2357,2025-06-19
2025-06-19 10:51:21.270683,701.0,1,701.0,28,702.0,7,2,2357,2025-06-19
2025-06-19 10:51:24.412385,701.0,1,701.0,27,702.0,7,2,2357,2025-06-19
2025-06-19 10:51:59.607039,701.0,1,701.0,29,702.0,8,2,2357,2025-06-19
2025-06-19 10:52:01.319460,701.0,1,701.0,30,702.0,8,2,2357,2025-06-19
2025-06-19 10:52:01.359735,702.0,2,701.0,28,702.0,6,1,2357,2025-06-19
2025-06-19 10:52:33.887591,702.0,3,701.0,33,702.0,6,1,2357,2025-06-19
2025-06-19 10:52:34.430582,702.0,1,701.0,35,702.0,5,1,2357,2025-06-19
2025-06-19 10:52:38.944067,701.0,1,701.0,33,702.0,5,2,2357,2025-06-19
2025-06-19 10:52:39.417775,701.0,1,701.0,32,702.0,5,2,2357,2025-06-19
2025-06-19 10:52:57.899216,702.0,2,701.0,32,702.0,3,1,2357,2025-06-19
2025-06-19 10:53:00.996209,701.0,1,701.0,31,702.0,3,2,2357,2025-06-19
2025-06-19 10:53:04.321905,702.0,1,701.0,33,702.0,2,1,2357,2025-06-19
2025-06-19 10:53:04.327055,702.0,1,701.0,33,702.0,1,1,2357,2025-06-19
2025-06-19 10:53:08.134250,702.0,1,701.0,34,703.0,8,1,2357,2025-06-19
2025-06-19 10:53:10.106709,701.0,2,701.0,34,703.0,8,2,2357,2025-06-19
2025-06-19 10:53:17.401447,701.0,1,701.0,34,703.0,10,2,2357,2025-06-19
2025-06-19 10:53:19.193724,702.0,1,701.0,34,703.0,11,2,2357,2025-06-19
2025-06-19 10:53:46.116830,701.0,1,701.0,30,703.0,16,2,2357,2025-06-19
2025-06-19 10:53:50.719089,703.0,1,701.0,31,703.0,15,1,2357,2025-06-19
2025-06-19 10:55:00.959310,701.0,1,701.0,31,702.0,6,2,2357,2025-06-19
2025-06-19 10:55:06.974870,702.0,2,701.0,32,702.0,5,1,2357,2025-06-19
2025-06-19 10:55:11.004536,701.0,2,701.0,30,702.0,5,2,2357,2025-06-19
2025-06-19 10:55:11.283392,701.0,1,701.0,29,702.0,5,2,2357,2025-06-19
2025-06-19 10:55:17.160473,702.0,3,701.0,26,702.0,3,1,2357,2025-06-19
2025-06-19 10:56:22.992481,701.0,1,701.0,35,702.0,6,2,2357,2025-06-19
2025-06-19 10:56:52.070893,702.0,1,701.0,35,702.0,7,1,2357,2025-06-19
2025-06-19 10:56:55.654280,702.0,1,701.0,37,702.0,7,1,2357,2025-06-19
2025-06-19 10:57:00.984914,701.0,1,701.0,43,702.0,7,2,2357,2025-06-19
2025-06-19 10:57:11.102167,701.0,2,701.0,41,702.0,9,2,2357,2025-06-19
2025-06-19 10:57:11.265235,702.0,1,701.0,41,702.0,8,1,2357,2025-06-19
2025-06-19 10:57:12.121401,702.0,3,701.0,38,702.0,5,1,2357,2025-06-19
2025-06-19 10:57:16.038435,702.0,2,701.0,40,702.0,3,1,2357,2025-06-19
2025-06-19 10:57:23.623936,702.0,1,701.0,42,702.0,2,1,2357,2025-06-19
2025-06-19 10:57:26.615150,702.0,2,701.0,42,703.0,13,1,2357,2025-06-19
2025-06-19 10:57:40.032288,702.0,2,702.0,1,703.0,9,2,2357,2025-06-19
2025-06-19 10:57:40.061992,702.0,1,701.0,44,703.0,9,2,2357,2025-06-19
2025-06-19 10:57:47.308632,702.0,1,702.0,1,703.0,9,2,2357,2025-06-19
2025-06-19 10:58:26.742864,702.0,1,702.0,2,703.0,10,2,2357,2025-06-19
2025-06-19 10:58:31.008046,702.0,1,702.0,1,703.0,10,2,2357,2025-06-19
2025-06-19 10:58:32.258818,703.0,1,701.0,40,703.0,9,1,2357,2025-06-19
2025-06-19 10:59:01.036413,701.0,1,701.0,39,703.0,9,2,2357,2025-06-19
2025-06-19 10:59:12.007617,701.0,2,701.0,37,702.0,3,2,2357,2025-06-19
2025-06-19 10:59:25.274270,702.0,2,701.0,37,702.0,1,1,2357,2025-06-19
2025-06-19 10:59:29.671942,702.0,1,702.0,1,703.0,8,1,2357,2025-06-19
2025-06-19 10:59:43.491267,702.0,1,702.0,3,703.0,8,2,2357,2025-06-19
2025-06-19 11:00:09.283471,702.0,1,702.0,5,703.0,10,2,2357,2025-06-19
2025-06-19 11:00:17.082996,702.0,2,702.0,3,703.0,10,2,2357,2025-06-19
2025-06-19 11:00:21.924678,702.0,1,702.0,2,703.0,23,2,2357,2025-06-19
2025-06-19 11:00:30.955347,702.0,1,702.0,1,703.0,34,2,2357,2025-06-19
2025-06-19 11:00:33.264278,703.0,1,701.0,35,703.0,33,1,2357,2025-06-19
2025-06-19 11:01:13.118377,701.0,2,701.0,33,702.0,28,2,2357,2025-06-19
2025-06-19 11:01:34.166785,702.0,2,701.0,37,702.0,16,1,2357,2025-06-19
2025-06-19 11:01:38.161378,701.0,1,701.0,36,702.0,11,2,2357,2025-06-19
2025-06-19 11:01:39.679935,702.0,1,701.0,36,702.0,10,1,2357,2025-06-19
2025-06-19 11:01:42.889986,702.0,1,701.0,36,702.0,10,1,2357,2025-06-19
2025-06-19 11:01:42.890141,702.0,1,701.0,36,702.0,9,1,2357,2025-06-19
2025-06-19 11:01:42.913618,702.0,2,701.0,36,702.0,7,1,2357,2025-06-19
2025-06-19 11:01:42.916358,702.0,2,701.0,36,702.0,5,1,2357,2025-06-19
2025-06-19 11:01:42.919432,702.0,2,701.0,36,702.0,3,1,2357,2025-06-19
2025-06-19 11:01:42.953920,702.0,2,701.0,40,702.0,1,1,2357,2025-06-19
2025-06-19 11:01:42.980396,702.0,1,702.0,1,703.0,10,1,2357,2025-06-19
2025-06-19 11:02:14.275566,703.0,1,702.0,7,703.0,13,1,2357,2025-06-19
2025-06-19 11:02:18.135752,702.0,1,702.0,7,703.0,12,2,2357,2025-06-19
2025-06-19 11:02:30.981111,702.0,1,702.0,7,703.0,15,2,2357,2025-06-19
2025-06-19 11:02:56.584045,702.0,1,702.0,8,703.0,17,2,2357,2025-06-19
2025-06-19 11:03:13.027243,702.0,2,702.0,6,703.0,17,2,2357,2025-06-19
2025-06-19 11:03:34.983439,702.0,1,702.0,7,703.0,19,2,2357,2025-06-19
2025-06-19 11:03:35.263453,703.0,1,702.0,7,703.0,18,1,2357,2025-06-19
2025-06-19 11:04:10.611596,703.0,1,702.0,8,703.0,17,1,2357,2025-06-19
2025-06-19 11:04:14.411814,702.0,1,702.0,7,703.0,17,2,2357,2025-06-19
2025-06-19 11:04:16.167782,702.0,1,702.0,6,703.0,17,2,2357,2025-06-19
2025-06-19 11:04:30.959714,702.0,1,702.0,5,703.0,18,2,2357,2025-06-19
2025-06-19 11:04:31.019467,702.0,1,702.0,4,703.0,17,2,2357,2025-06-19
2025-06-19 11:04:31.020999,702.0,2,702.0,2,703.0,15,2,2357,2025-06-19
2025-06-19 11:04:31.023114,702.0,1,702.0,1,703.0,14,2,2357,2025-06-19
2025-06-19 11:04:52.841263,702.0,1,702.0,5,703.0,15,2,2357,2025-06-19
2025-06-19 11:05:06.316544,702.0,1,702.0,6,703.0,15,2,2357,2025-06-19
2025-06-19 11:05:07.284198,702.0,1,702.0,5,703.0,15,2,2357,2025-06-19
2025-06-19 11:05:14.129234,702.0,2,702.0,3,703.0,15,2,2357,2025-06-19
2025-06-19 11:05:31.237551,702.0,1,702.0,6,703.0,18,2,2357,2025-06-19
2025-06-19 11:05:36.258298,703.0,1,702.0,6,703.0,17,1,2357,2025-06-19
2025-06-19 11:05:52.403637,703.0,2,702.0,6,703.0,15,1,2357,2025-06-19
2025-06-19 11:06:01.306877,702.0,1,702.0,5,703.0,16,2,2357,2025-06-19
2025-06-19 11:06:02.182696,703.0,1,702.0,5,703.0,15,1,2357,2025-06-19
2025-06-19 11:06:09.642625,702.0,1,702.0,4,703.0,15,2,2357,2025-06-19
2025-06-19 11:06:30.985334,702.0,1,702.0,4,703.0,16,2,2357,2025-06-19
2025-06-19 11:06:49.023256,702.0,1,702.0,3,703.0,16,2,2357,2025-06-19
2025-06-19 11:06:53.063266,702.0,1,702.0,2,703.0,16,2,2357,2025-06-19
2025-06-19 11:07:15.039700,702.0,2,702.0,4,703.0,17,2,2357,2025-06-19
2025-06-19 11:07:17.266818,703.0,1,702.0,5,703.0,16,1,2357,2025-06-19
2025-06-19 11:07:27.476638,702.0,1,702.0,4,703.0,17,2,2357,2025-06-19
2025-06-19 11:08:01.403743,703.0,2,702.0,4,703.0,12,1,2357,2025-06-19
2025-06-19 11:08:05.857583,702.0,1,702.0,4,703.0,12,2,2357,2025-06-19
2025-06-19 11:08:08.651351,703.0,1,702.0,4,703.0,11,1,2357,2025-06-19
2025-06-19 11:08:30.979669,702.0,1,702.0,4,703.0,11,2,2357,2025-06-19
2025-06-19 11:08:38.262592,703.0,1,702.0,4,703.0,10,1,2357,2025-06-19
2025-06-19 11:08:44.286766,702.0,1,702.0,3,703.0,10,2,2357,2025-06-19
2025-06-19 11:09:02.477870,702.0,1,702.0,2,703.0,10,2,2357,2025-06-19
2025-06-19 11:09:15.168472,702.0,2,701.0,33,703.0,10,2,2357,2025-06-19
2025-06-19 11:09:23.266045,702.0,1,701.0,35,703.0,10,1,2357,2025-06-19
2025-06-19 11:09:24.632154,702.0,1,702.0,1,703.0,9,1,2357,2025-06-19
2025-06-19 11:09:28.671993,703.0,1,702.0,1,703.0,10,1,2357,2025-06-19
2025-06-19 11:09:31.252604,702.0,1,701.0,41,703.0,10,2,2357,2025-06-19
2025-06-19 11:10:01.088932,702.0,1,702.0,3,703.0,13,2,2357,2025-06-19
2025-06-19 11:10:02.173505,702.0,1,702.0,2,703.0,13,2,2357,2025-06-19
2025-06-19 11:10:04.821960,702.0,1,702.0,1,703.0,12,2,2357,2025-06-19
2025-06-19 11:10:06.283476,701.0,1,701.0,43,703.0,12,2,2357,2025-06-19
2025-06-19 11:10:21.467898,703.0,1,701.0,43,703.0,10,1,2357,2025-06-19
2025-06-19 11:10:21.468041,703.0,1,701.0,43,703.0,9,1,2357,2025-06-19
2025-06-19 11:10:40.257492,703.0,1,701.0,43,703.0,8,1,2357,2025-06-19
2025-06-19 11:10:40.624816,702.0,1,701.0,44,703.0,8,1,2357,2025-06-19
2025-06-19 11:11:16.078911,702.0,2,701.0,45,703.0,11,2,2357,2025-06-19
2025-06-19 11:11:18.689544,703.0,1,701.0,43,703.0,10,1,2357,2025-06-19
2025-06-19 11:11:20.376978,702.0,2,701.0,42,703.0,9,1,2357,2025-06-19
2025-06-19 11:11:57.484247,702.0,1,702.0,10,703.0,14,2,2357,2025-06-19
2025-06-19 11:12:00.981555,702.0,1,702.0,9,703.0,14,2,2357,2025-06-19
2025-06-19 11:12:08.191872,702.0,1,702.0,10,703.0,14,2,2357,2025-06-19
2025-06-19 11:12:21.258721,703.0,1,702.0,17,703.0,13,1,2357,2025-06-19
2025-06-19 11:12:25.240078,703.0,4,702.0,17,703.0,8,1,2357,2025-06-19
2025-06-19 11:12:25.240834,703.0,3,702.0,19,703.0,5,1,2357,2025-06-19
2025-06-19 11:12:25.254385,703.0,2,702.0,19,703.0,3,1,2357,2025-06-19
2025-06-19 11:12:25.316388,703.0,2,702.0,24,703.0,3,1,2357,2025-06-19
2025-06-19 11:12:25.644644,703.0,2,702.0,22,704.0,17,1,2357,2025-06-19
2025-06-19 11:12:36.882358,702.0,1,702.0,23,704.0,20,2,2357,2025-06-19
2025-06-19 11:13:15.335331,703.0,1,703.0,4,704.0,21,2,2357,2025-06-19
2025-06-19 11:13:17.184245,703.0,2,703.0,2,704.0,21,2,2357,2025-06-19
2025-06-19 11:13:39.841342,703.0,1,703.0,6,704.0,23,2,2357,2025-06-19
2025-06-19 11:13:41.266746,704.0,1,703.0,6,704.0,22,1,2357,2025-06-19
2025-06-19 11:13:53.752175,703.0,1,703.0,9,704.0,22,2,2357,2025-06-19
2025-06-19 11:14:01.022716,703.0,1,703.0,8,704.0,22,2,2357,2025-06-19
2025-06-19 11:14:32.163003,703.0,1,703.0,7,704.0,23,2,2357,2025-06-19
2025-06-19 11:14:40.756373,704.0,1,703.0,7,704.0,22,1,2357,2025-06-19
2025-06-19 11:14:46.122191,703.0,1,703.0,6,704.0,21,2,2357,2025-06-19
2025-06-19 11:15:04.285418,703.0,1,703.0,10,704.0,20,2,2357,2025-06-19
2025-06-19 11:15:11.592259,703.0,1,703.0,10,704.0,20,2,2357,2025-06-19
2025-06-19 11:15:17.106764,703.0,2,703.0,8,704.0,21,2,2357,2025-06-19
2025-06-19 11:15:43.257187,704.0,1,703.0,9,704.0,21,1,2357,2025-06-19
2025-06-19 11:15:49.990577,703.0,1,703.0,8,704.0,21,2,2357,2025-06-19
2025-06-19 11:16:01.017202,703.0,1,703.0,7,704.0,21,2,2357,2025-06-19
2025-06-19 11:16:28.393636,703.0,1,703.0,18,704.0,22,2,2357,2025-06-19
2025-06-19 11:16:28.998535,703.0,1,703.0,17,704.0,22,2,2357,2025-06-19
2025-06-19 11:16:31.836487,703.0,1,703.0,16,704.0,21,2,2357,2025-06-19
2025-06-19 11:17:06.825214,703.0,1,703.0,15,704.0,22,2,2357,2025-06-19
2025-06-19 11:17:18.013218,703.0,2,703.0,13,704.0,21,2,2357,2025-06-19
2025-06-19 11:17:18.679784,704.0,1,703.0,14,704.0,20,1,2357,2025-06-19
2025-06-19 11:17:23.122834,703.0,1,703.0,16,704.0,20,2,2357,2025-06-19
2025-06-19 11:17:24.263139,704.0,1,703.0,16,704.0,19,1,2357,2025-06-19
2025-06-19 11:17:45.207983,703.0,1,703.0,15,704.0,19,2,2357,2025-06-19
2025-06-19 11:18:00.995899,703.0,1,703.0,14,704.0,19,2,2357,2025-06-19
2025-06-19 11:18:24.577603,703.0,1,703.0,17,704.0,23,2,2357,2025-06-19
2025-06-19 11:18:27.270694,703.0,1,703.0,16,704.0,22,2,2357,2025-06-19
2025-06-19 11:18:39.915325,703.0,1,703.0,15,704.0,22,2,2357,2025-06-19
2025-06-19 11:18:41.600844,704.0,1,703.0,15,704.0,21,1,2357,2025-06-19
2025-06-19 11:18:45.260529,704.0,1,703.0,16,704.0,20,1,2357,2025-06-19
2025-06-19 11:19:00.029191,704.0,1,703.0,17,704.0,19,1,2357,2025-06-19
2025-06-19 11:19:00.032297,704.0,1,703.0,17,704.0,18,1,2357,2025-06-19
2025-06-19 11:19:02.954190,703.0,1,703.0,16,704.0,17,2,2357,2025-06-19
2025-06-19 11:19:19.116925,703.0,2,703.0,14,704.0,17,2,2357,2025-06-19
2025-06-19 11:19:41.308955,703.0,1,703.0,13,704.0,17,2,2357,2025-06-19
2025-06-19 11:19:53.708454,704.0,3,703.0,13,704.0,16,1,2357,2025-06-19
2025-06-19 11:20:00.944584,703.0,1,703.0,12,704.0,17,2,2357,2025-06-19
2025-06-19 11:20:00.990290,703.0,1,703.0,11,704.0,17,2,2357,2025-06-19
2025-06-19 11:20:01.308014,703.0,1,703.0,12,704.0,17,2,2357,2025-06-19
2025-06-19 11:20:03.283918,703.0,1,703.0,11,704.0,17,2,2357,2025-06-19
2025-06-19 11:20:20.719143,703.0,1,703.0,10,704.0,16,2,2357,2025-06-19
2025-06-19 11:20:46.263925,704.0,1,703.0,11,704.0,16,1,2357,2025-06-19
2025-06-19 11:20:46.667419,704.0,1,703.0,11,704.0,15,1,2357,2025-06-19
2025-06-19 11:20:59.168715,703.0,1,703.0,10,704.0,15,2,2357,2025-06-19
2025-06-19 11:21:19.025378,703.0,2,703.0,8,704.0,15,2,2357,2025-06-19
2025-06-19 11:21:30.982144,703.0,1,703.0,9,704.0,17,2,2357,2025-06-19
2025-06-19 11:21:37.613834,703.0,1,703.0,8,704.0,17,2,2357,2025-06-19
2025-06-19 11:22:16.037971,703.0,1,703.0,8,704.0,20,2,2357,2025-06-19
2025-06-19 11:22:16.888407,703.0,1,703.0,7,704.0,20,2,2357,2025-06-19
2025-06-19 11:22:21.840500,703.0,1,703.0,6,704.0,20,2,2357,2025-06-19
2025-06-19 11:22:26.350611,704.0,3,703.0,5,704.0,17,1,2357,2025-06-19
2025-06-19 11:22:27.268087,704.0,1,703.0,6,704.0,16,1,2357,2025-06-19
2025-06-19 11:22:38.057594,703.0,1,703.0,10,704.0,16,2,2357,2025-06-19
2025-06-19 11:22:54.404702,703.0,1,703.0,10,704.0,16,2,2357,2025-06-19
2025-06-19 11:22:57.661163,703.0,1,703.0,9,704.0,15,2,2357,2025-06-19
2025-06-19 11:23:14.656350,703.0,9,702.0,35,703.0,21,2,2357,2025-06-19
2025-06-19 11:23:14.679926,703.0,18,702.0,35,703.0,3,1,2357,2025-06-19
2025-06-19 11:23:14.679953,703.0,3,703.0,1,704.0,17,1,2357,2025-06-19
2025-06-19 11:23:19.316357,704.0,1,703.0,13,704.0,14,1,2357,2025-06-19
2025-06-19 11:23:20.126751,703.0,2,703.0,11,704.0,14,2,2357,2025-06-19
2025-06-19 11:23:30.976378,703.0,1,703.0,13,704.0,14,2,2357,2025-06-19
2025-06-19 11:23:33.804172,703.0,1,703.0,12,704.0,15,2,2357,2025-06-19
2025-06-19 11:23:48.256083,704.0,1,703.0,12,704.0,14,1,2357,2025-06-19
2025-06-19 11:23:56.674125,704.0,1,703.0,19,704.0,13,1,2357,2025-06-19
2025-06-19 11:23:57.103373,704.0,2,703.0,21,704.0,11,1,2357,2025-06-19
2025-06-19 11:23:57.104522,704.0,2,703.0,21,704.0,9,1,2357,2025-06-19
2025-06-19 11:24:12.201499,703.0,1,703.0,20,704.0,11,2,2357,2025-06-19
2025-06-19 11:24:50.614624,703.0,1,703.0,21,704.0,32,2,2357,2025-06-19
2025-06-19 11:24:58.842697,704.0,3,703.0,21,704.0,29,1,2357,2025-06-19
2025-06-19 11:24:59.511530,704.0,1,703.0,21,704.0,28,1,2357,2025-06-19
2025-06-19 11:25:01.283153,703.0,1,703.0,20,704.0,28,2,2357,2025-06-19
2025-06-19 11:25:06.376654,703.0,20,702.0,37,704.0,27,2,2357,2025-06-19
2025-06-19 11:25:07.687612,704.0,1,702.0,28,704.0,26,1,2357,2025-06-19
2025-06-19 11:25:16.103976,702.0,1,702.0,32,704.0,26,2,2357,2025-06-19
2025-06-19 11:25:20.757520,703.0,1,702.0,32,704.0,26,2,2357,2025-06-19
2025-06-19 11:25:21.033664,702.0,2,702.0,32,704.0,26,2,2357,2025-06-19
2025-06-19 11:25:29.043559,702.0,1,702.0,29,704.0,27,2,2357,2025-06-19
2025-06-19 11:25:30.939568,702.0,1,702.0,28,704.0,27,2,2357,2025-06-19
2025-06-19 11:25:49.259153,704.0,1,702.0,23,704.0,26,1,2357,2025-06-19
2025-06-19 11:26:08.464181,703.0,1,702.0,25,704.0,26,2,2357,2025-06-19
2025-06-19 11:26:27.336269,703.0,1,702.0,31,704.0,26,1,2357,2025-06-19
2025-06-19 11:26:40.875526,703.0,1,702.0,47,704.0,26,1,2357,2025-06-19
2025-06-19 11:26:46.913440,702.0,1,702.0,46,704.0,26,2,2357,2025-06-19
2025-06-19 11:26:56.099474,703.0,3,702.0,42,703.0,27,1,2357,2025-06-19
2025-06-19 11:26:56.108660,703.0,27,702.0,36,704.0,26,1,2357,2025-06-19
2025-06-19 11:27:07.484082,703.0,1,703.0,8,704.0,28,2,2357,2025-06-19
2025-06-19 11:27:21.134767,703.0,2,703.0,6,704.0,31,2,2357,2025-06-19
2025-06-19 11:27:25.359486,703.0,1,703.0,5,704.0,31,2,2357,2025-06-19
2025-06-19 11:27:30.268185,704.0,1,703.0,5,704.0,30,1,2357,2025-06-19
2025-06-19 11:27:30.366699,703.0,1,703.0,4,704.0,30,2,2357,2025-06-19
2025-06-19 11:27:30.996331,703.0,1,703.0,3,704.0,30,2,2357,2025-06-19
2025-06-19 11:27:31.511825,704.0,3,703.0,3,704.0,27,1,2357,2025-06-19
2025-06-19 11:27:38.591257,704.0,1,703.0,3,704.0,26,1,2357,2025-06-19
2025-06-19 11:27:38.596920,704.0,1,703.0,3,704.0,25,1,2357,2025-06-19
2025-06-19 11:27:52.967597,703.0,1,703.0,2,704.0,27,2,2357,2025-06-19
2025-06-19 11:27:53.348181,703.0,1,702.0,41,704.0,26,1,2357,2025-06-19
2025-06-19 11:28:03.818370,702.0,1,702.0,38,704.0,27,2,2357,2025-06-19
2025-06-19 11:28:04.405897,704.0,1,702.0,38,704.0,26,1,2357,2025-06-19
2025-06-19 11:28:42.275606,703.0,1,702.0,37,704.0,28,1,2357,2025-06-19
2025-06-19 11:28:51.267317,704.0,1,702.0,39,704.0,27,1,2357,2025-06-19
2025-06-19 11:29:21.710919,703.0,1,702.0,44,704.0,28,1,2357,2025-06-19
2025-06-19 11:29:22.042375,702.0,2,702.0,43,704.0,28,2,2357,2025-06-19
2025-06-19 11:29:30.959401,702.0,1,702.0,40,703.0,1,2,2357,2025-06-19
2025-06-19 11:29:42.439267,703.0,2,702.0,23,704.0,26,1,2357,2025-06-19
2025-06-19 11:29:55.122127,702.0,1,702.0,25,704.0,26,2,2357,2025-06-19
2025-06-19 11:30:04.093380,703.0,2,703.0,1,704.0,26,1,2357,2025-06-19
2025-06-19 11:30:04.132085,703.0,1,702.0,20,704.0,27,2,2357,2025-06-19
2025-06-19 11:30:31.126714,702.0,1,702.0,18,704.0,28,2,2357,2025-06-19
2025-06-19 11:30:52.263868,703.0,1,702.0,19,703.0,3,1,2357,2025-06-19
2025-06-19 11:30:53.548772,703.0,2,702.0,19,703.0,1,1,2357,2025-06-19
2025-06-19 11:30:53.572640,703.0,1,702.0,19,704.0,27,1,2357,2025-06-19
2025-06-19 11:31:17.006868,703.0,1,702.0,25,704.0,26,1,2357,2025-06-19
2025-06-19 11:31:23.168433,702.0,2,702.0,27,704.0,26,2,2357,2025-06-19
2025-06-19 11:31:30.969422,702.0,1,702.0,28,704.0,26,2,2357,2025-06-19
2025-06-19 11:31:36.759951,703.0,1,702.0,28,704.0,27,2,2357,2025-06-19
2025-06-19 11:31:56.401802,703.0,1,702.0,33,704.0,27,1,2357,2025-06-19
2025-06-19 11:31:57.888579,704.0,1,702.0,33,704.0,26,1,2357,2025-06-19
2025-06-19 11:32:33.262652,704.0,1,703.0,2,704.0,26,1,2357,2025-06-19
2025-06-19 11:32:34.802414,703.0,1,703.0,1,704.0,26,2,2357,2025-06-19
2025-06-19 11:32:54.664448,703.0,1,703.0,1,704.0,28,2,2357,2025-06-19
2025-06-19 11:32:56.710851,704.0,1,702.0,37,704.0,27,1,2357,2025-06-19
2025-06-19 11:33:00.976869,702.0,1,702.0,35,703.0,1,2,2357,2025-06-19
2025-06-19 11:33:07.567463,703.0,2,702.0,35,704.0,25,1,2357,2025-06-19
2025-06-19 11:33:08.018799,702.0,1,702.0,34,704.0,25,2,2357,2025-06-19
2025-06-19 11:33:16.569302,703.0,1,703.0,2,704.0,27,1,2357,2025-06-19
2025-06-19 11:33:16.604352,704.0,24,703.0,2,704.0,3,1,2357,2025-06-19
2025-06-19 11:33:16.618374,703.0,2,702.0,27,704.0,3,2,2357,2025-06-19
2025-06-19 11:33:16.629808,704.0,1,703.0,1,704.0,2,1,2357,2025-06-19
2025-06-19 11:33:16.631811,703.0,1,703.0,1,704.0,2,2,2357,2025-06-19
2025-06-19 11:33:23.068093,703.0,2,702.0,30,704.0,2,2,2357,2025-06-19
2025-06-19 11:33:51.699813,703.0,1,702.0,28,704.0,4,1,2357,2025-06-19
2025-06-19 11:33:54.263272,704.0,1,702.0,34,704.0,2,1,2357,2025-06-19
2025-06-19 11:34:01.317769,702.0,1,702.0,34,704.0,2,2,2357,2025-06-19
2025-06-19 11:35:00.971209,703.0,1,703.0,4,704.0,10,2,2357,2025-06-19
2025-06-19 11:35:17.113177,704.0,3,703.0,4,704.0,7,1,2357,2025-06-19
2025-06-19 11:35:24.173716,703.0,2,703.0,2,704.0,7,2,2357,2025-06-19
2025-06-19 11:35:24.205878,703.0,2,702.0,32,704.0,5,2,2357,2025-06-19
2025-06-19 11:35:45.971722,702.0,1,702.0,34,704.0,6,2,2357,2025-06-19
2025-06-19 11:35:55.260985,704.0,1,702.0,34,704.0,6,1,2357,2025-06-19
2025-06-19 11:36:17.172331,704.0,1,703.0,4,704.0,6,1,2357,2025-06-19
2025-06-19 11:36:17.172411,704.0,1,703.0,4,704.0,5,1,2357,2025-06-19
2025-06-19 11:36:30.722808,703.0,1,703.0,4,704.0,8,2,2357,2025-06-19
2025-06-19 11:36:34.662735,704.0,1,703.0,4,704.0,7,1,2357,2025-06-19
2025-06-19 11:37:00.996828,703.0,1,703.0,4,704.0,8,2,2357,2025-06-19
2025-06-19 11:37:25.076119,703.0,2,703.0,3,704.0,10,2,2357,2025-06-19
2025-06-19 11:37:36.262681,704.0,1,703.0,10,704.0,10,1,2357,2025-06-19
2025-06-19 11:38:04.410886,703.0,2,703.0,18,704.0,11,2,2357,2025-06-19
2025-06-19 11:38:23.156169,703.0,1,703.0,18,704.0,14,2,2357,2025-06-19
2025-06-19 11:38:28.024352,704.0,3,703.0,15,704.0,11,1,2357,2025-06-19
2025-06-19 11:38:57.281938,704.0,1,703.0,15,704.0,11,1,2357,2025-06-19
2025-06-19 11:39:00.975547,703.0,1,703.0,14,704.0,11,2,2357,2025-06-19
2025-06-19 11:39:14.656211,704.0,1,703.0,14,704.0,11,1,2357,2025-06-19
2025-06-19 11:39:25.177110,703.0,2,703.0,13,704.0,12,2,2357,2025-06-19
2025-06-19 11:39:45.890932,703.0,1,703.0,14,704.0,13,2,2357,2025-06-19
2025-06-19 11:39:45.892334,703.0,1,703.0,13,704.0,12,2,2357,2025-06-19
2025-06-19 11:39:45.893331,703.0,1,703.0,12,704.0,11,2,2357,2025-06-19
2025-06-19 11:40:18.605889,704.0,2,703.0,15,704.0,10,1,2357,2025-06-19
2025-06-19 11:40:18.755010,703.0,1,703.0,14,704.0,10,2,2357,2025-06-19
2025-06-19 11:40:19.553908,704.0,3,703.0,11,704.0,7,1,2357,2025-06-19
2025-06-19 11:40:27.611386,704.0,1,703.0,11,704.0,6,1,2357,2025-06-19
2025-06-19 11:40:36.454047,704.0,1,703.0,11,704.0,5,1,2357,2025-06-19
2025-06-19 11:40:46.703229,704.0,1,703.0,11,704.0,4,1,2357,2025-06-19
2025-06-19 11:40:53.273814,704.0,1,703.0,11,704.0,4,1,2357,2025-06-19
2025-06-19 11:40:57.185465,703.0,1,703.0,10,704.0,3,2,2357,2025-06-19
2025-06-19 11:40:58.265300,704.0,1,703.0,10,704.0,2,1,2357,2025-06-19
2025-06-19 11:41:00.954297,703.0,1,703.0,9,704.0,2,2,2357,2025-06-19
2025-06-19 11:41:01.174046,703.0,1,703.0,8,704.0,2,2,2357,2025-06-19
2025-06-19 11:41:26.081191,703.0,2,703.0,7,704.0,2,2,2357,2025-06-19
2025-06-19 11:41:35.598873,703.0,1,703.0,6,704.0,3,2,2357,2025-06-19
2025-06-19 11:41:57.793150,704.0,1,703.0,7,704.0,3,1,2357,2025-06-19
2025-06-19 11:42:14.027269,703.0,1,703.0,6,704.0,4,2,2357,2025-06-19
2025-06-19 11:42:30.961807,703.0,1,703.0,7,704.0,5,2,2357,2025-06-19
2025-06-19 11:42:39.264259,704.0,1,703.0,7,704.0,3,1,2357,2025-06-19
2025-06-19 11:42:53.371526,703.0,1,703.0,8,704.0,4,2,2357,2025-06-19
2025-06-19 11:42:53.647917,704.0,1,703.0,8,704.0,3,1,2357,2025-06-19
2025-06-19 11:43:27.185378,703.0,2,703.0,12,704.0,3,2,2357,2025-06-19
2025-06-19 11:43:31.771685,703.0,1,703.0,11,704.0,4,2,2357,2025-06-19
2025-06-19 11:43:38.114524,703.0,1,703.0,10,704.0,6,2,2357,2025-06-19
2025-06-19 11:44:00.266389,704.0,1,703.0,10,704.0,6,1,2357,2025-06-19
2025-06-19 11:44:10.210628,703.0,1,703.0,12,704.0,7,2,2357,2025-06-19
2025-06-19 11:44:30.987383,703.0,1,703.0,13,704.0,7,2,2357,2025-06-19
2025-06-19 11:44:48.612340,703.0,1,703.0,12,704.0,7,2,2357,2025-06-19
2025-06-19 11:44:55.735840,704.0,1,703.0,12,704.0,6,1,2357,2025-06-19
2025-06-19 11:44:55.735980,704.0,1,703.0,12,704.0,5,1,2357,2025-06-19
2025-06-19 11:45:24.992861,704.0,3,703.0,14,704.0,4,1,2357,2025-06-19
2025-06-19 11:45:27.086462,703.0,1,703.0,13,704.0,5,2,2357,2025-06-19
2025-06-19 11:45:28.090488,703.0,2,703.0,11,704.0,6,2,2357,2025-06-19
2025-06-19 11:46:01.264358,704.0,1,703.0,11,704.0,8,1,2357,2025-06-19
2025-06-19 11:46:06.471597,703.0,1,703.0,10,704.0,8,2,2357,2025-06-19
2025-06-19 11:46:16.228759,703.0,1,703.0,9,704.0,8,2,2357,2025-06-19
2025-06-19 11:46:30.966037,703.0,1,703.0,8,704.0,9,2,2357,2025-06-19
2025-06-19 11:46:44.843629,703.0,1,703.0,7,704.0,9,2,2357,2025-06-19
2025-06-19 11:47:23.275375,703.0,1,703.0,7,704.0,11,2,2357,2025-06-19
2025-06-19 11:47:28.196278,703.0,2,703.0,5,704.0,12,2,2357,2025-06-19
2025-06-19 11:47:42.266378,704.0,1,703.0,6,704.0,12,1,2357,2025-06-19
2025-06-19 11:47:43.670313,704.0,1,703.0,6,704.0,11,1,2357,2025-06-19
2025-06-19 11:48:01.173611,703.0,1,703.0,8,704.0,12,2,2357,2025-06-19
2025-06-19 11:48:01.698774,703.0,1,703.0,7,704.0,12,2,2357,2025-06-19
2025-06-19 11:48:29.753078,704.0,3,703.0,7,704.0,11,1,2357,2025-06-19
2025-06-19 11:48:30.960441,703.0,1,703.0,6,704.0,11,2,2357,2025-06-19
2025-06-19 11:48:35.695175,704.0,1,703.0,6,704.0,10,1,2357,2025-06-19
2025-06-19 11:48:41.115713,703.0,1,703.0,5,704.0,10,2,2357,2025-06-19
2025-06-19 11:48:46.506647,703.0,1,703.0,4,704.0,10,2,2357,2025-06-19
2025-06-19 11:48:53.158412,703.0,1,703.0,5,704.0,11,2,2357,2025-06-19
2025-06-19 11:49:03.267510,704.0,1,703.0,5,704.0,10,1,2357,2025-06-19
2025-06-19 11:49:15.025916,704.0,1,703.0,5,704.0,11,1,2357,2025-06-19
2025-06-19 11:49:19.545274,703.0,1,703.0,4,704.0,11,2,2357,2025-06-19
2025-06-19 11:49:29.102725,703.0,2,703.0,2,704.0,11,2,2357,2025-06-19
2025-06-19 11:49:57.954906,703.0,1,703.0,3,704.0,12,2,2357,2025-06-19
2025-06-19 11:50:31.017259,703.0,1,703.0,8,704.0,12,2,2357,2025-06-19
2025-06-19 11:50:36.398935,703.0,1,703.0,7,704.0,12,2,2357,2025-06-19
2025-06-19 11:51:05.253609,704.0,1,703.0,12,704.0,12,1,2357,2025-06-19
2025-06-19 11:51:15.830011,703.0,1,703.0,11,704.0,12,2,2357,2025-06-19
2025-06-19 11:51:30.009999,703.0,2,703.0,9,704.0,12,2,2357,2025-06-19
2025-06-19 11:51:31.058404,703.0,1,703.0,9,704.0,12,2,2357,2025-06-19
2025-06-19 11:51:54.212914,703.0,1,703.0,8,704.0,12,2,2357,2025-06-19
2025-06-19 11:52:02.113014,703.0,1,703.0,7,704.0,11,2,2357,2025-06-19
2025-06-19 11:52:22.641409,704.0,1,703.0,7,704.0,10,1,2357,2025-06-19
2025-06-19 11:52:30.980405,703.0,1,703.0,6,704.0,11,2,2357,2025-06-19
2025-06-19 11:52:32.596396,703.0,1,703.0,7,704.0,12,2,2357,2025-06-19
2025-06-19 11:52:46.263754,704.0,1,703.0,7,704.0,12,1,2357,2025-06-19
2025-06-19 11:53:11.023781,703.0,1,703.0,9,704.0,14,2,2357,2025-06-19
2025-06-19 11:53:30.112634,703.0,2,703.0,8,704.0,14,2,2357,2025-06-19
2025-06-19 11:53:30.855231,704.0,3,703.0,5,704.0,11,1,2357,2025-06-19
2025-06-19 11:53:34.314723,704.0,1,703.0,5,704.0,10,1,2357,2025-06-19
2025-06-19 11:53:34.314925,704.0,1,703.0,5,704.0,9,1,2357,2025-06-19
2025-06-19 11:53:49.407521,703.0,1,703.0,5,704.0,15,2,2357,2025-06-19
2025-06-19 11:54:06.275755,704.0,1,703.0,6,704.0,15,1,2357,2025-06-19
2025-06-19 11:54:08.137325,703.0,1,703.0,7,704.0,15,2,2357,2025-06-19
2025-06-19 11:54:20.639533,703.0,1,703.0,8,704.0,16,2,2357,2025-06-19
2025-06-19 11:54:28.819565,703.0,1,703.0,8,704.0,16,2,2357,2025-06-19
2025-06-19 11:54:30.943557,703.0,1,703.0,8,704.0,16,2,2357,2025-06-19
2025-06-19 11:54:41.691027,704.0,1,703.0,8,704.0,16,1,2357,2025-06-19
2025-06-19 11:55:07.247288,703.0,1,703.0,7,704.0,16,2,2357,2025-06-19
2025-06-19 11:55:30.477569,704.0,1,703.0,16,704.0,15,1,2357,2025-06-19
2025-06-19 11:55:31.019781,703.0,2,703.0,14,704.0,15,2,2357,2025-06-19
2025-06-19 11:55:45.692913,703.0,1,703.0,13,704.0,14,2,2357,2025-06-19
2025-06-19 11:55:45.724741,704.0,3,703.0,10,704.0,11,1,2357,2025-06-19
2025-06-19 11:56:00.966894,703.0,1,703.0,9,704.0,15,2,2357,2025-06-19
2025-06-19 11:56:08.262000,704.0,1,703.0,9,704.0,14,1,2357,2025-06-19
2025-06-19 11:56:08.283180,703.0,1,703.0,8,704.0,14,2,2357,2025-06-19
2025-06-19 11:56:24.155354,703.0,1,703.0,8,704.0,16,2,2357,2025-06-19
2025-06-19 11:56:25.687350,704.0,1,703.0,8,704.0,15,1,2357,2025-06-19
2025-06-19 11:56:43.878531,704.0,1,703.0,8,704.0,14,1,2357,2025-06-19
2025-06-19 11:56:46.181132,703.0,1,703.0,7,704.0,14,2,2357,2025-06-19
2025-06-19 11:57:03.614792,703.0,1,703.0,7,704.0,16,2,2357,2025-06-19
2025-06-19 11:57:32.122875,703.0,2,703.0,5,704.0,18,2,2357,2025-06-19
2025-06-19 11:57:32.181920,703.0,5,702.0,33,704.0,18,2,2357,2025-06-19
2025-06-19 11:57:46.641052,703.0,1,702.0,26,703.0,1,1,2357,2025-06-19
2025-06-19 11:57:48.847191,702.0,20,702.0,7,703.0,1,2,2357,2025-06-19
2025-06-19 11:57:49.256660,703.0,1,702.0,7,704.0,20,1,2357,2025-06-19
2025-06-19 11:57:53.581208,704.0,1,702.0,7,704.0,20,1,2357,2025-06-19
2025-06-19 11:58:01.007815,702.0,1,702.0,6,704.0,20,2,2357,2025-06-19
2025-06-19 11:58:20.729013,703.0,1,703.0,2,704.0,20,1,2357,2025-06-19
2025-06-19 11:58:20.802180,703.0,2,702.0,12,704.0,20,2,2357,2025-06-19
2025-06-19 11:58:20.860704,703.0,1,702.0,12,704.0,20,1,2357,2025-06-19
2025-06-19 11:59:10.268206,703.0,1,702.0,12,703.0,5,1,2357,2025-06-19
2025-06-19 11:59:23.305162,702.0,1,702.0,11,703.0,17,2,2357,2025-06-19
2025-06-19 11:59:32.024395,702.0,2,702.0,13,703.0,17,2,2357,2025-06-19
2025-06-19 12:00:01.111541,702.0,1,702.0,13,703.0,19,2,2357,2025-06-19
2025-06-19 12:00:09.070138,703.0,19,702.0,13,703.0,3,1,2357,2025-06-19
2025-06-19 12:00:09.143270,703.0,1,702.0,13,703.0,2,1,2357,2025-06-19
2025-06-19 12:01:33.125055,702.0,2,702.0,17,703.0,9,2,2357,2025-06-19
2025-06-19 12:02:00.996537,702.0,1,702.0,17,703.0,12,2,2357,2025-06-19
2025-06-19 12:02:01.210273,702.0,1,702.0,16,703.0,12,2,2357,2025-06-19
2025-06-19 12:02:01.233588,702.0,1,702.0,15,703.0,12,2,2357,2025-06-19
2025-06-19 12:02:12.875571,703.0,1,702.0,15,703.0,12,1,2357,2025-06-19
2025-06-19 12:02:12.876702,703.0,1,702.0,15,703.0,11,1,2357,2025-06-19
2025-06-19 12:02:13.614789,703.0,1,702.0,15,703.0,10,1,2357,2025-06-19
2025-06-19 12:02:45.905017,703.0,3,702.0,13,703.0,9,1,2357,2025-06-19
2025-06-19 12:02:52.642297,703.0,1,702.0,13,703.0,9,1,2357,2025-06-19
2025-06-19 12:03:02.894717,703.0,1,702.0,14,703.0,21,1,2357,2025-06-19
2025-06-19 12:03:34.023194,702.0,2,702.0,16,703.0,12,2,2357,2025-06-19
2025-06-19 12:03:51.796305,702.0,10,702.0,6,703.0,14,2,2357,2025-06-19
2025-06-19 12:03:51.859379,702.0,4,702.0,2,703.0,14,2,2357,2025-06-19
2025-06-19 12:03:51.887119,702.0,2,701.0,67,703.0,14,2,2357,2025-06-19
2025-06-19 12:04:00.990994,701.0,1,701.0,61,703.0,15,2,2357,2025-06-19
2025-06-19 12:04:14.710731,703.0,1,701.0,61,703.0,24,1,2357,2025-06-19
2025-06-19 12:04:30.271516,702.0,3,702.0,1,703.0,23,1,2357,2025-06-19
2025-06-19 12:04:31.318246,702.0,1,701.0,61,703.0,14,2,2357,2025-06-19
2025-06-19 12:04:38.198273,701.0,1,701.0,60,703.0,14,2,2357,2025-06-19
2025-06-19 12:05:34.121379,701.0,2,701.0,58,702.0,14,2,2357,2025-06-19
2025-06-19 12:06:01.000759,701.0,1,701.0,63,702.0,16,2,2357,2025-06-19
2025-06-19 12:06:32.168542,702.0,1,701.0,70,702.0,17,1,2357,2025-06-19
2025-06-19 12:06:43.030735,701.0,1,701.0,69,702.0,17,2,2357,2025-06-19
2025-06-19 12:06:53.936022,702.0,1,701.0,69,702.0,17,1,2357,2025-06-19
2025-06-19 12:07:16.116596,701.0,1,701.0,70,702.0,17,2,2357,2025-06-19
2025-06-19 12:07:16.536369,702.0,3,701.0,67,702.0,14,1,2357,2025-06-19
2025-06-19 12:07:21.426222,701.0,1,701.0,66,702.0,16,2,2357,2025-06-19
2025-06-19 12:07:30.977106,701.0,1,701.0,65,702.0,16,2,2357,2025-06-19
2025-06-19 12:07:35.024019,701.0,2,701.0,63,702.0,16,2,2357,2025-06-19
2025-06-19 12:07:59.719028,701.0,1,701.0,61,702.0,16,2,2357,2025-06-19
2025-06-19 12:08:38.906025,701.0,1,701.0,67,702.0,18,2,2357,2025-06-19
2025-06-19 12:08:40.510040,702.0,4,701.0,67,702.0,14,1,2357,2025-06-19
2025-06-19 12:09:03.887586,702.0,3,701.0,65,702.0,12,1,2357,2025-06-19
2025-06-19 12:09:17.127901,701.0,1,701.0,63,702.0,19,2,2357,2025-06-19
2025-06-19 12:09:29.660862,702.0,1,701.0,62,702.0,20,1,2357,2025-06-19
2025-06-19 12:09:30.971475,701.0,1,701.0,61,702.0,20,2,2357,2025-06-19
2025-06-19 12:09:36.123645,701.0,2,701.0,59,702.0,20,2,2357,2025-06-19
2025-06-19 12:09:53.155400,701.0,1,701.0,58,702.0,20,2,2357,2025-06-19
2025-06-19 12:09:56.423681,701.0,1,701.0,58,702.0,20,2,2357,2025-06-19
2025-06-19 12:10:07.546048,701.0,2,701.0,55,702.0,20,2,2357,2025-06-19
2025-06-19 12:10:07.591631,701.0,1,701.0,55,702.0,20,2,2357,2025-06-19
2025-06-19 12:10:11.888884,702.0,2,701.0,54,702.0,18,1,2357,2025-06-19
2025-06-19 12:10:34.732875,701.0,1,701.0,54,702.0,19,2,2357,2025-06-19
2025-06-19 12:10:51.443607,702.0,1,701.0,57,702.0,19,1,2357,2025-06-19
2025-06-19 12:10:51.448763,702.0,1,701.0,57,702.0,18,1,2357,2025-06-19
2025-06-19 12:11:13.014861,701.0,1,701.0,57,702.0,19,2,2357,2025-06-19
2025-06-19 12:11:17.258494,702.0,1,701.0,57,702.0,18,1,2357,2025-06-19
2025-06-19 12:11:20.635655,702.0,1,701.0,57,702.0,17,1,2357,2025-06-19
2025-06-19 12:11:30.981501,701.0,1,701.0,56,702.0,17,2,2357,2025-06-19
2025-06-19 12:11:36.023163,701.0,2,701.0,55,702.0,17,2,2357,2025-06-19
2025-06-19 12:11:44.121873,702.0,3,701.0,52,702.0,14,1,2357,2025-06-19
2025-06-19 12:11:46.359455,701.0,1,701.0,51,702.0,14,2,2357,2025-06-19
2025-06-19 12:11:52.294552,701.0,1,701.0,50,702.0,15,2,2357,2025-06-19
2025-06-19 12:12:03.703076,702.0,1,701.0,57,702.0,14,1,2357,2025-06-19
2025-06-19 12:12:05.917798,702.0,2,701.0,57,702.0,12,1,2357,2025-06-19
2025-06-19 12:12:30.555159,701.0,1,701.0,56,702.0,11,2,2357,2025-06-19
2025-06-19 12:12:31.062153,701.0,1,701.0,55,702.0,11,2,2357,2025-06-19
2025-06-19 12:12:58.266439,702.0,1,701.0,55,702.0,11,1,2357,2025-06-19
2025-06-19 12:13:08.840786,701.0,1,701.0,55,702.0,11,2,2357,2025-06-19
2025-06-19 12:13:30.991309,701.0,1,701.0,60,702.0,12,2,2357,2025-06-19
2025-06-19 12:13:37.120755,701.0,2,701.0,58,702.0,12,2,2357,2025-06-19
2025-06-19 12:13:48.155197,701.0,1,701.0,58,702.0,13,2,2357,2025-06-19
2025-06-19 12:14:19.269026,702.0,1,701.0,60,702.0,12,1,2357,2025-06-19
2025-06-19 12:14:26.484467,701.0,1,701.0,60,702.0,12,2,2357,2025-06-19
2025-06-19 12:15:00.401234,702.0,3,701.0,57,702.0,14,1,2357,2025-06-19
2025-06-19 12:15:04.806019,701.0,1,701.0,56,702.0,14,2,2357,2025-06-19
2025-06-19 12:15:05.015114,702.0,1,701.0,56,702.0,13,1,2357,2025-06-19
2025-06-19 12:15:08.151796,701.0,1,701.0,55,702.0,14,2,2357,2025-06-19
2025-06-19 12:15:08.199249,702.0,1,701.0,55,702.0,13,1,2357,2025-06-19
2025-06-19 12:15:10.739917,702.0,1,701.0,55,702.0,12,1,2357,2025-06-19
2025-06-19 12:15:19.021432,702.0,1,701.0,55,702.0,11,1,2357,2025-06-19
2025-06-19 12:15:30.018674,702.0,1,701.0,55,702.0,11,1,2357,2025-06-19
2025-06-19 12:15:30.985785,701.0,1,701.0,54,702.0,11,2,2357,2025-06-19
2025-06-19 12:15:38.024050,701.0,2,701.0,52,702.0,11,2,2357,2025-06-19
2025-06-19 12:15:44.183523,701.0,1,701.0,51,702.0,13,2,2357,2025-06-19
2025-06-19 12:15:50.572044,702.0,3,701.0,51,702.0,10,1,2357,2025-06-19
2025-06-19 12:15:53.931797,702.0,2,701.0,51,702.0,9,1,2357,2025-06-19
2025-06-19 12:16:01.105936,701.0,1,701.0,50,702.0,10,2,2357,2025-06-19
2025-06-19 12:16:20.252512,702.0,1,701.0,50,702.0,10,1,2357,2025-06-19
2025-06-19 12:16:27.668152,702.0,1,701.0,50,702.0,10,1,2357,2025-06-19
2025-06-19 12:16:36.677294,702.0,4,701.0,51,702.0,7,1,2357,2025-06-19
2025-06-19 12:17:30.964577,701.0,1,701.0,53,702.0,7,2,2357,2025-06-19
2025-06-19 12:17:38.124809,701.0,2,701.0,51,702.0,7,2,2357,2025-06-19
2025-06-19 12:17:39.629795,702.0,1,701.0,51,702.0,6,1,2357,2025-06-19
2025-06-19 12:17:46.155546,701.0,1,701.0,50,702.0,7,2,2357,2025-06-19
2025-06-19 12:18:01.260251,702.0,1,701.0,50,702.0,7,1,2357,2025-06-19
2025-06-19 12:18:23.246747,702.0,3,701.0,50,702.0,10,1,2357,2025-06-19
2025-06-19 12:19:00.972063,701.0,1,701.0,49,702.0,12,2,2357,2025-06-19
2025-06-19 12:19:22.256908,702.0,1,701.0,49,702.0,13,1,2357,2025-06-19
2025-06-19 12:19:25.517350,702.0,3,701.0,80,702.0,13,1,2357,2025-06-19
2025-06-19 12:19:30.013986,702.0,1,701.0,79,702.0,9,1,2357,2025-06-19
2025-06-19 12:19:30.044863,702.0,1,701.0,79,702.0,8,1,2357,2025-06-19
2025-06-19 12:19:30.080240,702.0,1,701.0,79,702.0,7,1,2357,2025-06-19
2025-06-19 12:19:30.095614,702.0,5,701.0,79,702.0,8,1,2357,2025-06-19
2025-06-19 12:19:37.021846,702.0,1,701.0,79,702.0,3,1,2357,2025-06-19
2025-06-19 12:19:39.024395,701.0,2,701.0,77,702.0,3,2,2357,2025-06-19
2025-06-19 12:19:41.961676,702.0,2,701.0,77,702.0,1,1,2357,2025-06-19
2025-06-19 12:19:53.695073,702.0,1,701.0,78,702.0,1,1,2357,2025-06-19
2025-06-19 12:20:03.642764,702.0,1,701.0,78,703.0,22,1,2357,2025-06-19
2025-06-19 12:20:14.068307,702.0,1,702.0,13,703.0,24,2,2357,2025-06-19
2025-06-19 12:20:23.254347,702.0,1,702.0,14,703.0,24,2,2357,2025-06-19
2025-06-19 12:20:38.815109,703.0,1,702.0,14,703.0,27,1,2357,2025-06-19
2025-06-19 12:20:48.631309,703.0,1,702.0,16,703.0,24,1,2357,2025-06-19
2025-06-19 12:20:53.544613,702.0,1,702.0,16,703.0,24,2,2357,2025-06-19
2025-06-19 12:20:55.923438,703.0,3,702.0,16,703.0,21,1,2357,2025-06-19
2025-06-19 12:21:00.997642,702.0,1,702.0,15,703.0,21,2,2357,2025-06-19
2025-06-19 12:21:17.631762,702.0,1,702.0,15,703.0,22,2,2357,2025-06-19
2025-06-19 12:21:23.254656,703.0,1,702.0,15,703.0,21,1,2357,2025-06-19
2025-06-19 12:21:31.988097,702.0,1,702.0,14,703.0,21,2,2357,2025-06-19
2025-06-19 12:21:32.019130,702.0,14,701.0,70,703.0,21,2,2357,2025-06-19
2025-06-19 12:21:40.125051,701.0,2,701.0,60,703.0,31,2,2357,2025-06-19
2025-06-19 12:22:08.286927,701.0,2,701.0,58,702.0,4,2,2357,2025-06-19
2025-06-19 12:23:00.992371,701.0,1,701.0,59,702.0,7,2,2357,2025-06-19
2025-06-19 12:23:01.218854,701.0,1,701.0,58,702.0,7,2,2357,2025-06-19
2025-06-19 12:23:04.257359,702.0,1,701.0,58,702.0,8,1,2357,2025-06-19
2025-06-19 12:23:28.500728,702.0,3,701.0,58,702.0,7,1,2357,2025-06-19
2025-06-19 12:23:40.022968,701.0,2,701.0,56,702.0,9,2,2357,2025-06-19
2025-06-19 12:23:49.305885,702.0,1,701.0,57,702.0,12,1,2357,2025-06-19
2025-06-19 12:23:58.640016,702.0,1,701.0,57,702.0,11,1,2357,2025-06-19
2025-06-19 12:24:00.630833,702.0,1,701.0,57,702.0,10,1,2357,2025-06-19
2025-06-19 12:24:06.044374,702.0,1,701.0,56,702.0,9,1,2357,2025-06-19
2025-06-19 12:24:25.263631,702.0,1,701.0,57,702.0,11,1,2357,2025-06-19
2025-06-19 12:25:00.955123,701.0,1,701.0,56,702.0,14,2,2357,2025-06-19
2025-06-19 12:25:23.915942,702.0,2,701.0,56,702.0,13,1,2357,2025-06-19
2025-06-19 12:25:38.202638,701.0,1,701.0,57,702.0,16,2,2357,2025-06-19
2025-06-19 12:25:41.122960,701.0,2,701.0,55,702.0,16,2,2357,2025-06-19
2025-06-19 12:26:00.345110,702.0,4,701.0,56,702.0,13,1,2357,2025-06-19
2025-06-19 12:26:01.116084,702.0,3,701.0,56,702.0,12,1,2357,2025-06-19
2025-06-19 12:26:26.259230,702.0,1,701.0,57,702.0,14,1,2357,2025-06-19
2025-06-19 12:27:00.980737,701.0,1,701.0,56,702.0,21,2,2357,2025-06-19
2025-06-19 12:27:07.634648,702.0,1,701.0,57,702.0,20,1,2357,2025-06-19
2025-06-19 12:27:17.895984,702.0,2,701.0,58,702.0,18,1,2357,2025-06-19
2025-06-19 12:27:42.021508,701.0,2,701.0,56,702.0,20,2,2357,2025-06-19
2025-06-19 12:27:42.703112,702.0,1,701.0,56,702.0,19,1,2357,2025-06-19
2025-06-19 12:28:07.259191,702.0,1,701.0,61,702.0,20,1,2357,2025-06-19
2025-06-19 12:28:08.556097,702.0,1,701.0,61,702.0,19,1,2357,2025-06-19
2025-06-19 12:28:08.587252,702.0,1,701.0,61,702.0,18,1,2357,2025-06-19
2025-06-19 12:28:16.309466,701.0,1,701.0,60,702.0,16,2,2357,2025-06-19
2025-06-19 12:28:33.800758,702.0,3,701.0,60,702.0,14,1,2357,2025-06-19
2025-06-19 12:28:35.012554,702.0,1,701.0,60,702.0,13,1,2357,2025-06-19
2025-06-19 12:28:36.684521,701.0,1,701.0,59,702.0,15,2,2357,2025-06-19
2025-06-19 12:28:39.507024,702.0,2,701.0,60,702.0,13,1,2357,2025-06-19
2025-06-19 12:29:00.974969,701.0,1,701.0,59,702.0,13,2,2357,2025-06-19
2025-06-19 12:29:15.139606,701.0,1,701.0,58,702.0,17,2,2357,2025-06-19
2025-06-19 12:29:28.268898,702.0,1,701.0,58,702.0,19,1,2357,2025-06-19
2025-06-19 12:29:42.142992,701.0,2,701.0,56,702.0,21,2,2357,2025-06-19
2025-06-19 12:29:54.566751,701.0,1,701.0,55,702.0,23,2,2357,2025-06-19
2025-06-19 12:30:01.361320,701.0,1,701.0,53,702.0,23,2,2357,2025-06-19
2025-06-19 12:30:15.634918,701.0,1,701.0,52,702.0,24,2,2357,2025-06-19
2025-06-19 12:30:20.339797,702.0,4,701.0,52,702.0,20,1,2357,2025-06-19
2025-06-19 12:30:30.966861,701.0,1,701.0,51,702.0,23,2,2357,2025-06-19
2025-06-19 12:30:33.001960,701.0,1,701.0,50,702.0,26,2,2357,2025-06-19
2025-06-19 12:30:53.162089,701.0,1,701.0,53,702.0,25,2,2357,2025-06-19
2025-06-19 12:31:06.392446,702.0,3,701.0,55,702.0,26,1,2357,2025-06-19
2025-06-19 12:31:11.414817,701.0,1,701.0,54,702.0,26,2,2357,2025-06-19
2025-06-19 12:31:15.700637,702.0,1,701.0,54,702.0,26,1,2357,2025-06-19
2025-06-19 12:31:30.252716,702.0,1,701.0,54,702.0,23,1,2357,2025-06-19
2025-06-19 12:31:43.041515,701.0,2,701.0,52,702.0,26,2,2357,2025-06-19
2025-06-19 12:31:44.345379,702.0,1,701.0,52,702.0,25,1,2357,2025-06-19
2025-06-19 12:31:49.874457,701.0,1,701.0,50,702.0,25,2,2357,2025-06-19
2025-06-19 12:32:27.864941,702.0,1,701.0,54,702.0,30,1,2357,2025-06-19
2025-06-19 12:32:28.305629,701.0,1,701.0,53,702.0,28,2,2357,2025-06-19
2025-06-19 12:32:30.976742,701.0,1,701.0,52,702.0,28,2,2357,2025-06-19
2025-06-19 12:32:31.012495,702.0,25,701.0,52,702.0,3,1,2357,2025-06-19
2025-06-19 12:32:31.100613,702.0,3,701.0,49,703.0,28,2,2357,2025-06-19
2025-06-19 12:33:04.135524,702.0,1,701.0,56,703.0,34,2,2357,2025-06-19
2025-06-19 12:33:07.732792,701.0,1,701.0,54,703.0,33,2,2357,2025-06-19
2025-06-19 12:33:11.267265,703.0,1,701.0,54,703.0,33,1,2357,2025-06-19
2025-06-19 12:33:14.020119,703.0,1,701.0,54,703.0,31,1,2357,2025-06-19
2025-06-19 12:33:26.638681,702.0,1,701.0,53,703.0,31,1,2357,2025-06-19
2025-06-19 12:33:31.161256,701.0,1,701.0,53,703.0,32,2,2357,2025-06-19
2025-06-19 12:33:34.334338,702.0,4,701.0,54,703.0,30,2,2357,2025-06-19
2025-06-19 12:33:39.040444,703.0,3,701.0,53,703.0,29,1,2357,2025-06-19
2025-06-19 12:33:44.140595,701.0,2,701.0,51,703.0,29,2,2357,2025-06-19
2025-06-19 12:33:45.006462,703.0,1,701.0,51,703.0,28,1,2357,2025-06-19
2025-06-19 12:33:46.180637,701.0,1,701.0,50,703.0,28,2,2357,2025-06-19
2025-06-19 12:34:01.256582,702.0,4,701.0,54,703.0,22,2,2357,2025-06-19
2025-06-19 12:34:24.548842,701.0,1,701.0,54,703.0,23,2,2357,2025-06-19
2025-06-19 12:34:30.971055,701.0,1,701.0,53,703.0,23,2,2357,2025-06-19
2025-06-19 12:34:31.257389,703.0,1,701.0,53,703.0,24,1,2357,2025-06-19
2025-06-19 12:35:02.973624,702.0,1,702.0,7,703.0,25,2,2357,2025-06-19
2025-06-19 12:35:08.713068,703.0,1,702.0,7,703.0,25,1,2357,2025-06-19
2025-06-19 12:35:31.695008,703.0,1,702.0,9,703.0,23,1,2357,2025-06-19
2025-06-19 12:35:42.372858,702.0,1,702.0,6,703.0,23,2,2357,2025-06-19
2025-06-19 12:35:44.036323,702.0,2,702.0,4,703.0,23,2,2357,2025-06-19
2025-06-19 12:36:07.603617,702.0,1,702.0,5,703.0,23,2,2357,2025-06-19
2025-06-19 12:36:08.252016,702.0,1,702.0,7,703.0,23,2,2357,2025-06-19
2025-06-19 12:36:11.730703,703.0,3,702.0,5,703.0,20,1,2357,2025-06-19
2025-06-19 12:36:20.772973,702.0,1,702.0,4,703.0,20,2,2357,2025-06-19
2025-06-19 12:36:30.981456,702.0,1,702.0,3,703.0,20,2,2357,2025-06-19
2025-06-19 12:36:33.126239,702.0,3,701.0,51,703.0,21,2,2357,2025-06-19
2025-06-19 12:36:36.640924,703.0,1,701.0,51,703.0,21,1,2357,2025-06-19
2025-06-19 12:36:47.148569,703.0,1,701.0,51,703.0,20,1,2357,2025-06-19
2025-06-19 12:36:47.182326,703.0,1,701.0,51,703.0,19,1,2357,2025-06-19
2025-06-19 12:36:59.255186,702.0,1,701.0,51,703.0,19,1,2357,2025-06-19
2025-06-19 12:37:00.082698,702.0,1,701.0,51,703.0,19,2,2357,2025-06-19
2025-06-19 12:37:00.601675,701.0,1,701.0,50,703.0,20,2,2357,2025-06-19
2025-06-19 12:37:37.661795,702.0,1,702.0,2,703.0,22,2,2357,2025-06-19
2025-06-19 12:37:45.135301,702.0,2,701.0,51,703.0,22,2,2357,2025-06-19
2025-06-19 12:38:13.708696,702.0,1,701.0,49,703.0,25,2,2357,2025-06-19
2025-06-19 12:38:15.467147,702.0,2,701.0,49,703.0,25,2,2357,2025-06-19
2025-06-19 12:38:30.959909,701.0,1,701.0,49,702.0,11,2,2357,2025-06-19
2025-06-19 12:38:41.853032,702.0,2,701.0,49,702.0,11,1,2357,2025-06-19
2025-06-19 12:38:44.314713,702.0,3,701.0,49,702.0,9,1,2357,2025-06-19
2025-06-19 12:38:45.800444,701.0,1,701.0,48,702.0,9,2,2357,2025-06-19
2025-06-19 12:38:46.099566,701.0,1,701.0,47,702.0,9,2,2357,2025-06-19
2025-06-19 12:39:46.036800,701.0,2,701.0,45,702.0,11,2,2357,2025-06-19
2025-06-19 12:39:46.641190,702.0,1,701.0,45,702.0,10,1,2357,2025-06-19
2025-06-19 12:40:01.176105,702.0,4,701.0,45,702.0,8,1,2357,2025-06-19
2025-06-19 12:40:30.985435,701.0,1,701.0,45,702.0,17,2,2357,2025-06-19
2025-06-19 12:40:35.959192,702.0,2,701.0,45,702.0,13,1,2357,2025-06-19
2025-06-19 12:41:06.433784,702.0,1,701.0,45,702.0,15,1,2357,2025-06-19
2025-06-19 12:41:16.878618,702.0,3,701.0,45,702.0,12,1,2357,2025-06-19
2025-06-19 12:41:23.060571,701.0,1,701.0,44,702.0,13,2,2357,2025-06-19
2025-06-19 12:41:23.768874,701.0,21,701.0,23,702.0,13,2,2357,2025-06-19
2025-06-19 12:41:36.251020,702.0,1,701.0,21,702.0,14,1,2357,2025-06-19
2025-06-19 12:41:46.133159,701.0,2,701.0,19,702.0,12,2,2357,2025-06-19
2025-06-19 12:42:01.008641,701.0,1,701.0,16,702.0,19,2,2357,2025-06-19
2025-06-19 12:42:02.145775,702.0,1,701.0,16,702.0,18,1,2357,2025-06-19
2025-06-19 12:42:30.026767,702.0,2,701.0,21,702.0,21,1,2357,2025-06-19
2025-06-19 12:42:55.638626,702.0,1,701.0,22,702.0,20,1,2357,2025-06-19
2025-06-19 12:43:17.264061,702.0,1,701.0,21,702.0,19,1,2357,2025-06-19
2025-06-19 12:43:21.702760,702.0,1,701.0,21,702.0,18,1,2357,2025-06-19
2025-06-19 12:43:22.589541,702.0,4,701.0,21,702.0,14,1,2357,2025-06-19
2025-06-19 12:43:22.598077,702.0,2,701.0,21,702.0,12,1,2357,2025-06-19
2025-06-19 12:43:47.031687,701.0,2,701.0,19,702.0,11,2,2357,2025-06-19
2025-06-19 12:43:48.633377,702.0,3,701.0,19,702.0,8,1,2357,2025-06-19
2025-06-19 12:44:01.003005,701.0,1,701.0,18,702.0,11,2,2357,2025-06-19
2025-06-19 12:44:01.117560,701.0,1,701.0,17,702.0,11,2,2357,2025-06-19
2025-06-19 12:44:01.153152,701.0,1,701.0,16,702.0,11,2,2357,2025-06-19
2025-06-19 12:44:23.987444,702.0,2,701.0,17,702.0,11,1,2357,2025-06-19
2025-06-19 12:44:24.751941,702.0,1,701.0,17,702.0,10,1,2357,2025-06-19
2025-06-19 12:44:38.262218,702.0,1,701.0,18,702.0,10,1,2357,2025-06-19
2025-06-19 12:45:25.726008,702.0,1,701.0,24,702.0,13,1,2357,2025-06-19
2025-06-19 12:45:25.726380,702.0,1,701.0,24,702.0,12,1,2357,2025-06-19
2025-06-19 12:45:46.632702,702.0,1,701.0,25,702.0,13,1,2357,2025-06-19
2025-06-19 12:45:48.131311,701.0,2,701.0,23,702.0,13,2,2357,2025-06-19
2025-06-19 12:46:00.981742,701.0,1,701.0,23,702.0,14,2,2357,2025-06-19
2025-06-19 12:46:05.634040,702.0,1,701.0,23,702.0,14,1,2357,2025-06-19
2025-06-19 12:46:17.961129,702.0,2,701.0,24,702.0,13,1,2357,2025-06-19
2025-06-19 12:46:21.328417,702.0,3,701.0,24,702.0,10,1,2357,2025-06-19
2025-06-19 12:46:31.049733,702.0,1,701.0,24,702.0,8,1,2357,2025-06-19
2025-06-19 12:46:38.180346,701.0,1,701.0,25,702.0,9,2,2357,2025-06-19
2025-06-19 12:46:38.498394,701.0,1,701.0,24,702.0,9,2,2357,2025-06-19
2025-06-19 12:46:39.341960,702.0,1,701.0,24,702.0,9,1,2357,2025-06-19
2025-06-19 12:47:48.114496,701.0,2,701.0,22,702.0,12,2,2357,2025-06-19
2025-06-19 12:47:51.803636,701.0,1,701.0,21,702.0,12,2,2357,2025-06-19
2025-06-19 12:48:00.991693,701.0,1,701.0,20,702.0,13,2,2357,2025-06-19
2025-06-19 12:48:10.632066,701.0,1,701.0,19,702.0,13,2,2357,2025-06-19
2025-06-19 12:48:11.857999,702.0,2,701.0,19,702.0,12,1,2357,2025-06-19
2025-06-19 12:48:20.261467,702.0,1,701.0,18,702.0,12,1,2357,2025-06-19
2025-06-19 12:48:53.940091,702.0,3,701.0,18,702.0,10,1,2357,2025-06-19
2025-06-19 12:49:11.681386,702.0,3,701.0,45,702.0,8,1,2357,2025-06-19
2025-06-19 12:49:14.629656,702.0,1,701.0,61,702.0,5,1,2357,2025-06-19
2025-06-19 12:49:16.246424,701.0,1,701.0,60,702.0,5,2,2357,2025-06-19
2025-06-19 12:49:21.561457,702.0,1,701.0,60,702.0,5,1,2357,2025-06-19
2025-06-19 12:49:39.409957,702.0,1,701.0,60,702.0,3,1,2357,2025-06-19
2025-06-19 12:49:41.259962,702.0,1,701.0,65,702.0,2,1,2357,2025-06-19
2025-06-19 12:49:45.015417,702.0,1,701.0,65,702.0,1,1,2357,2025-06-19
2025-06-19 12:49:47.966565,702.0,1,701.0,65,703.0,14,1,2357,2025-06-19
2025-06-19 12:49:49.014662,701.0,2,701.0,63,703.0,14,2,2357,2025-06-19
2025-06-19 12:50:01.017374,701.0,1,701.0,69,702.0,1,2,2357,2025-06-19
2025-06-19 12:50:05.875849,702.0,1,702.0,1,703.0,14,1,2357,2025-06-19
2025-06-19 12:50:25.228251,702.0,6,701.0,78,702.0,1,2,2357,2025-06-19
2025-06-19 12:50:26.021230,702.0,1,701.0,76,703.0,14,1,2357,2025-06-19
2025-06-19 12:50:41.862742,702.0,2,701.0,83,703.0,15,1,2357,2025-06-19
2025-06-19 12:50:53.550424,702.0,1,701.0,90,703.0,15,2,2357,2025-06-19
2025-06-19 12:51:09.511112,702.0,1,701.0,100,703.0,18,2,2357,2025-06-19
2025-06-19 12:51:10.694870,703.0,1,701.0,100,703.0,18,1,2357,2025-06-19
2025-06-19 12:51:26.547596,702.0,1,702.0,2,703.0,18,1,2357,2025-06-19
2025-06-19 12:51:42.249334,703.0,1,702.0,7,703.0,17,1,2357,2025-06-19
2025-06-19 12:51:47.941003,702.0,1,702.0,6,703.0,16,2,2357,2025-06-19
2025-06-19 12:51:50.111932,702.0,2,702.0,4,703.0,16,2,2357,2025-06-19
2025-06-19 12:51:53.181146,702.0,1,702.0,4,703.0,16,2,2357,2025-06-19
2025-06-19 12:52:00.995918,702.0,1,702.0,8,703.0,17,2,2357,2025-06-19
2025-06-19 12:52:24.630121,703.0,1,702.0,8,703.0,16,1,2357,2025-06-19
2025-06-19 12:52:26.369881,702.0,1,702.0,7,703.0,16,2,2357,2025-06-19
2025-06-19 12:53:01.637185,703.0,1,702.0,10,703.0,19,1,2357,2025-06-19
2025-06-19 12:53:05.753049,702.0,1,702.0,9,703.0,19,2,2357,2025-06-19
2025-06-19 12:53:23.251795,703.0,1,702.0,10,703.0,18,1,2357,2025-06-19
2025-06-19 12:53:30.987749,702.0,1,702.0,9,703.0,18,2,2357,2025-06-19
2025-06-19 12:53:44.165599,702.0,1,702.0,9,703.0,18,2,2357,2025-06-19
2025-06-19 12:53:50.008670,702.0,2,702.0,9,703.0,18,2,2357,2025-06-19
2025-06-19 12:53:59.200828,703.0,3,702.0,15,703.0,15,1,2357,2025-06-19
2025-06-19 12:54:04.288875,703.0,1,702.0,15,703.0,13,1,2357,2025-06-19
2025-06-19 12:54:04.323005,703.0,1,702.0,15,703.0,12,1,2357,2025-06-19
2025-06-19 12:54:22.581048,702.0,1,702.0,16,703.0,12,2,2357,2025-06-19
2025-06-19 12:54:31.215735,702.0,1,702.0,16,703.0,14,2,2357,2025-06-19
2025-06-19 12:54:44.621190,703.0,1,702.0,23,703.0,12,1,2357,2025-06-19
2025-06-19 12:55:00.932027,702.0,1,702.0,23,703.0,13,2,2357,2025-06-19
2025-06-19 12:55:09.159138,703.0,2,702.0,23,703.0,12,1,2357,2025-06-19
2025-06-19 12:55:23.656607,703.0,1,702.0,25,703.0,14,1,2357,2025-06-19
2025-06-19 12:55:30.982137,702.0,1,702.0,24,703.0,15,2,2357,2025-06-19
2025-06-19 12:55:33.628264,703.0,1,702.0,24,703.0,14,1,2357,2025-06-19
2025-06-19 12:55:40.351055,702.0,1,702.0,23,703.0,14,2,2357,2025-06-19
2025-06-19 12:55:51.106738,702.0,2,702.0,21,703.0,13,2,2357,2025-06-19
2025-06-19 12:56:01.757162,703.0,1,702.0,21,703.0,18,1,2357,2025-06-19
2025-06-19 12:56:18.794223,702.0,1,702.0,20,703.0,18,2,2357,2025-06-19
2025-06-19 12:56:31.942903,703.0,3,702.0,25,703.0,15,1,2357,2025-06-19
2025-06-19 12:56:45.256863,703.0,1,702.0,25,703.0,15,1,2357,2025-06-19
2025-06-19 12:56:57.119346,702.0,1,702.0,30,703.0,14,2,2357,2025-06-19
2025-06-19 12:57:08.188137,702.0,1,702.0,30,703.0,16,2,2357,2025-06-19
2025-06-19 12:57:30.992074,702.0,1,702.0,31,703.0,16,2,2357,2025-06-19
2025-06-19 12:57:35.534445,702.0,1,702.0,30,703.0,16,2,2357,2025-06-19
2025-06-19 12:57:52.006965,702.0,2,702.0,28,703.0,17,2,2357,2025-06-19
2025-06-19 12:58:01.118498,702.0,1,702.0,27,703.0,17,2,2357,2025-06-19
2025-06-19 12:58:14.976641,702.0,1,702.0,27,703.0,18,2,2357,2025-06-19
2025-06-19 12:58:23.576223,703.0,1,702.0,30,703.0,17,1,2357,2025-06-19
2025-06-19 12:58:26.255579,703.0,1,702.0,31,703.0,14,1,2357,2025-06-19
2025-06-19 12:58:43.630894,703.0,1,702.0,34,703.0,21,1,2357,2025-06-19
2025-06-19 12:58:53.422225,702.0,1,702.0,35,703.0,19,2,2357,2025-06-19
2025-06-19 12:59:00.827690,703.0,1,702.0,36,703.0,20,1,2357,2025-06-19
2025-06-19 12:59:04.610910,703.0,3,702.0,36,703.0,15,1,2357,2025-06-19
2025-06-19 12:59:30.970831,702.0,1,702.0,35,703.0,20,2,2357,2025-06-19
2025-06-19 12:59:31.865956,702.0,1,702.0,34,703.0,20,2,2357,2025-06-19
2025-06-19 12:59:46.203055,702.0,1,702.0,37,703.0,20,2,2357,2025-06-19
2025-06-19 12:59:47.262871,703.0,1,702.0,37,703.0,20,1,2357,2025-06-19
2025-06-19 12:59:52.103014,702.0,2,702.0,36,703.0,15,2,2357,2025-06-19
2025-06-19 13:00:01.108593,703.0,1,702.0,38,703.0,21,1,2357,2025-06-19
2025-06-19 13:00:01.134575,703.0,1,702.0,40,703.0,19,1,2357,2025-06-19
2025-06-19 13:00:02.299176,703.0,1,702.0,39,703.0,16,1,2357,2025-06-19
2025-06-19 13:00:09.588301,703.0,8,702.0,39,703.0,6,1,2357,2025-06-19
2025-06-19 13:00:09.614525,703.0,1,702.0,37,703.0,5,1,2357,2025-06-19
2025-06-19 13:00:09.614562,703.0,2,702.0,38,703.0,3,1,2357,2025-06-19
2025-06-19 13:00:09.616769,703.0,2,702.0,31,703.0,1,1,2357,2025-06-19
2025-06-19 13:00:09.617839,703.0,1,703.0,1,704.0,18,1,2357,2025-06-19
2025-06-19 13:00:10.253378,703.0,1,703.0,19,704.0,16,2,2357,2025-06-19
2025-06-19 13:00:34.886433,703.0,1,703.0,19,704.0,18,2,2357,2025-06-19
2025-06-19 13:00:49.709556,703.0,1,703.0,21,704.0,18,2,2357,2025-06-19
2025-06-19 13:00:54.558013,704.0,1,703.0,21,704.0,17,1,2357,2025-06-19
2025-06-19 13:01:28.146553,703.0,1,703.0,26,704.0,18,2,2357,2025-06-19
2025-06-19 13:01:29.598133,703.0,10,703.0,15,704.0,19,2,2357,2025-06-19
2025-06-19 13:01:30.980980,703.0,1,703.0,14,704.0,22,2,2357,2025-06-19
2025-06-19 13:01:37.196015,704.0,3,703.0,14,704.0,19,1,2357,2025-06-19
2025-06-19 13:01:48.253370,704.0,1,703.0,14,704.0,18,1,2357,2025-06-19
2025-06-19 13:01:53.202346,703.0,2,703.0,13,704.0,18,2,2357,2025-06-19
2025-06-19 13:02:01.489055,703.0,1,703.0,12,704.0,18,2,2357,2025-06-19
2025-06-19 13:02:06.484490,703.0,1,703.0,11,704.0,18,2,2357,2025-06-19
2025-06-19 13:02:23.132234,703.0,1,703.0,10,704.0,19,2,2357,2025-06-19
2025-06-19 13:02:23.162625,703.0,1,703.0,9,704.0,19,2,2357,2025-06-19
2025-06-19 13:02:42.872609,704.0,1,703.0,11,704.0,20,1,2357,2025-06-19
2025-06-19 13:02:42.872727,704.0,1,703.0,11,704.0,19,1,2357,2025-06-19
2025-06-19 13:02:44.847113,703.0,1,703.0,10,704.0,19,2,2357,2025-06-19
2025-06-19 13:03:24.205584,703.0,1,703.0,13,704.0,20,2,2357,2025-06-19
2025-06-19 13:03:29.254682,704.0,1,703.0,13,704.0,19,1,2357,2025-06-19
2025-06-19 13:03:30.975111,703.0,1,703.0,12,704.0,19,2,2357,2025-06-19
2025-06-19 13:03:54.100759,703.0,2,703.0,12,704.0,20,2,2357,2025-06-19
2025-06-19 13:04:02.639971,703.0,1,703.0,11,704.0,22,2,2357,2025-06-19
2025-06-19 13:04:09.856695,704.0,3,703.0,11,704.0,19,1,2357,2025-06-19
2025-06-19 13:04:23.852943,703.0,4,703.0,7,704.0,21,2,2357,2025-06-19
2025-06-19 13:04:32.783669,703.0,1,703.0,5,704.0,22,2,2357,2025-06-19
2025-06-19 13:04:34.461634,703.0,1,703.0,6,704.0,22,2,2357,2025-06-19
2025-06-19 13:04:41.020139,703.0,1,703.0,5,704.0,24,2,2357,2025-06-19
2025-06-19 13:04:43.044938,703.0,1,703.0,4,704.0,24,2,2357,2025-06-19
2025-06-19 13:04:50.259725,704.0,1,703.0,3,704.0,23,1,2357,2025-06-19
2025-06-19 13:04:54.669896,703.0,1,703.0,3,704.0,23,2,2357,2025-06-19
2025-06-19 13:05:00.966976,703.0,1,703.0,1,704.0,26,2,2357,2025-06-19
2025-06-19 13:05:01.159793,703.0,1,702.0,27,704.0,26,2,2357,2025-06-19
2025-06-19 13:05:02.186232,703.0,1,702.0,32,704.0,26,1,2357,2025-06-19
2025-06-19 13:05:19.462761,703.0,1,703.0,6,704.0,26,2,2357,2025-06-19
2025-06-19 13:05:51.401381,703.0,1,703.0,6,704.0,26,2,2357,2025-06-19
2025-06-19 13:05:52.738488,703.0,1,703.0,6,704.0,26,2,2357,2025-06-19
2025-06-19 13:05:54.197667,703.0,2,703.0,4,704.0,26,2,2357,2025-06-19
2025-06-19 13:05:57.910122,703.0,1,703.0,2,704.0,26,2,2357,2025-06-19
2025-06-19 13:06:37.267513,703.0,1,703.0,1,704.0,27,2,2357,2025-06-19
2025-06-19 13:06:42.558908,704.0,3,703.0,2,704.0,24,1,2357,2025-06-19
2025-06-19 13:06:45.121029,703.0,1,703.0,1,704.0,24,2,2357,2025-06-19
2025-06-19 13:06:51.248972,704.0,1,702.0,27,704.0,23,1,2357,2025-06-19
2025-06-19 13:06:56.073771,703.0,1,702.0,27,704.0,23,1,2357,2025-06-19
2025-06-19 13:07:00.992704,702.0,1,702.0,27,704.0,23,2,2357,2025-06-19
2025-06-19 13:07:02.152331,704.0,1,702.0,27,704.0,22,1,2357,2025-06-19
2025-06-19 13:07:15.577095,702.0,1,702.0,26,704.0,22,2,2357,2025-06-19
2025-06-19 13:07:38.280427,702.0,1,702.0,25,704.0,22,2,2357,2025-06-19
2025-06-19 13:07:53.998629,702.0,1,702.0,25,704.0,22,2,2357,2025-06-19
2025-06-19 13:07:55.096835,702.0,2,702.0,23,704.0,23,2,2357,2025-06-19
2025-06-19 13:08:06.695541,702.0,1,702.0,22,704.0,24,2,2357,2025-06-19
2025-06-19 13:08:25.746556,702.0,1,702.0,22,704.0,26,2,2357,2025-06-19
2025-06-19 13:08:32.256198,703.0,1,702.0,21,703.0,6,1,2357,2025-06-19
2025-06-19 13:08:33.424843,702.0,1,702.0,20,703.0,5,2,2357,2025-06-19
2025-06-19 13:09:00.955699,702.0,1,702.0,18,703.0,11,2,2357,2025-06-19
2025-06-19 13:09:11.848715,702.0,1,702.0,17,703.0,11,2,2357,2025-06-19
2025-06-19 13:09:15.146910,703.0,3,702.0,17,703.0,9,1,2357,2025-06-19
