ts,close,volume,bid_price,bid_volume,ask_price,ask_volume,tick_type,code,date
2025-06-12 09:00:07.854619,1300.0,441,1300.0,151,1305.0,67,2,2454,2025-06-12
2025-06-12 09:00:07.888024,1300.0,1,1300.0,151,1305.0,67,2,2454,2025-06-12
2025-06-12 09:00:07.914254,1300.0,2,1300.0,149,1305.0,76,2,2454,2025-06-12
2025-06-12 09:00:09.847548,1300.0,2,1300.0,151,1305.0,100,2,2454,2025-06-12
2025-06-12 09:00:21.962158,1305.0,1,1300.0,157,1305.0,122,1,2454,2025-06-12
2025-06-12 09:00:29.177107,1305.0,1,1300.0,158,1305.0,126,1,2454,2025-06-12
2025-06-12 09:00:32.741561,1305.0,1,1300.0,157,1305.0,129,1,2454,2025-06-12
2025-06-12 09:00:33.637414,1305.0,1,1300.0,156,1305.0,132,1,2454,2025-06-12
2025-06-12 09:00:33.920821,1300.0,2,1300.0,154,1305.0,132,2,2454,2025-06-12
2025-06-12 09:00:47.305647,1300.0,2,1300.0,155,1305.0,128,2,2454,2025-06-12
2025-06-12 09:00:52.321716,1300.0,1,1300.0,154,1305.0,120,2,2454,2025-06-12
2025-06-12 09:00:59.276480,1300.0,9,1300.0,153,1305.0,165,2,2454,2025-06-12
2025-06-12 09:00:59.314930,1300.0,40,1300.0,113,1305.0,165,2,2454,2025-06-12
2025-06-12 09:00:59.356662,1300.0,2,1300.0,111,1305.0,166,2,2454,2025-06-12
2025-06-12 09:00:59.357020,1300.0,3,1300.0,108,1305.0,168,2,2454,2025-06-12
2025-06-12 09:00:59.357187,1300.0,1,1300.0,107,1305.0,168,2,2454,2025-06-12
2025-06-12 09:00:59.358077,1300.0,1,1300.0,106,1305.0,170,2,2454,2025-06-12
2025-06-12 09:00:59.359174,1300.0,20,1300.0,86,1305.0,170,2,2454,2025-06-12
2025-06-12 09:00:59.362167,1300.0,2,1300.0,84,1305.0,170,2,2454,2025-06-12
2025-06-12 09:00:59.364417,1300.0,1,1300.0,83,1305.0,170,2,2454,2025-06-12
2025-06-12 09:00:59.365823,1300.0,2,1300.0,81,1305.0,168,2,2454,2025-06-12
2025-06-12 09:00:59.371490,1300.0,6,1300.0,75,1305.0,168,2,2454,2025-06-12
2025-06-12 09:00:59.399280,1300.0,32,1300.0,43,1305.0,164,2,2454,2025-06-12
2025-06-12 09:00:59.399878,1300.0,1,1300.0,42,1305.0,166,2,2454,2025-06-12
2025-06-12 09:00:59.412484,1300.0,9,1300.0,33,1305.0,175,2,2454,2025-06-12
2025-06-12 09:00:59.412538,1300.0,2,1300.0,31,1305.0,175,2,2454,2025-06-12
2025-06-12 09:00:59.422997,1300.0,2,1300.0,29,1305.0,175,2,2454,2025-06-12
2025-06-12 09:00:59.433924,1300.0,2,1300.0,27,1305.0,175,2,2454,2025-06-12
2025-06-12 09:00:59.433938,1300.0,2,1300.0,25,1305.0,175,2,2454,2025-06-12
2025-06-12 09:00:59.435031,1300.0,25,1295.0,159,1305.0,175,2,2454,2025-06-12
2025-06-12 09:00:59.474436,1295.0,1,1295.0,160,1300.0,3,2,2454,2025-06-12
2025-06-12 09:00:59.536442,1295.0,1,1295.0,160,1300.0,7,2,2454,2025-06-12
2025-06-12 09:01:00.910608,1295.0,1,1295.0,151,1300.0,67,2,2454,2025-06-12
2025-06-12 09:01:01.169625,1295.0,3,1295.0,147,1300.0,84,2,2454,2025-06-12
2025-06-12 09:01:01.311217,1295.0,4,1295.0,143,1300.0,86,2,2454,2025-06-12
2025-06-12 09:01:01.351317,1295.0,4,1295.0,139,1300.0,86,2,2454,2025-06-12
2025-06-12 09:01:01.904886,1295.0,10,1295.0,129,1300.0,87,2,2454,2025-06-12
2025-06-12 09:01:02.251304,1295.0,1,1295.0,125,1300.0,89,2,2454,2025-06-12
2025-06-12 09:01:02.456371,1300.0,3,1295.0,124,1300.0,86,1,2454,2025-06-12
2025-06-12 09:01:03.017320,1300.0,1,1295.0,120,1300.0,93,1,2454,2025-06-12
2025-06-12 09:01:03.068315,1295.0,1,1295.0,119,1300.0,93,2,2454,2025-06-12
2025-06-12 09:01:08.871829,1300.0,1,1295.0,104,1300.0,99,1,2454,2025-06-12
2025-06-12 09:01:09.535797,1295.0,1,1295.0,104,1300.0,118,2,2454,2025-06-12
2025-06-12 09:01:09.861358,1295.0,1,1295.0,102,1300.0,118,2,2454,2025-06-12
2025-06-12 09:01:09.945223,1295.0,1,1295.0,101,1300.0,118,2,2454,2025-06-12
2025-06-12 09:01:10.735642,1295.0,1,1295.0,101,1300.0,118,2,2454,2025-06-12
2025-06-12 09:01:15.203480,1300.0,1,1295.0,102,1300.0,141,1,2454,2025-06-12
2025-06-12 09:01:17.639953,1295.0,1,1295.0,101,1300.0,149,2,2454,2025-06-12
2025-06-12 09:01:19.709730,1300.0,1,1295.0,102,1300.0,152,1,2454,2025-06-12
2025-06-12 09:01:22.582497,1300.0,1,1295.0,101,1300.0,152,1,2454,2025-06-12
2025-06-12 09:01:32.258905,1295.0,4,1295.0,99,1300.0,153,2,2454,2025-06-12
2025-06-12 09:01:32.402671,1295.0,4,1295.0,95,1300.0,153,2,2454,2025-06-12
2025-06-12 09:01:33.138701,1295.0,1,1295.0,94,1300.0,156,2,2454,2025-06-12
2025-06-12 09:01:33.501299,1295.0,2,1295.0,91,1300.0,156,2,2454,2025-06-12
2025-06-12 09:01:33.655039,1295.0,1,1295.0,91,1300.0,156,2,2454,2025-06-12
2025-06-12 09:01:34.294191,1295.0,1,1295.0,89,1300.0,155,2,2454,2025-06-12
2025-06-12 09:01:34.847771,1295.0,4,1295.0,86,1300.0,153,2,2454,2025-06-12
2025-06-12 09:01:35.108502,1295.0,2,1295.0,84,1300.0,153,2,2454,2025-06-12
2025-06-12 09:01:38.866685,1295.0,2,1295.0,99,1300.0,153,2,2454,2025-06-12
2025-06-12 09:01:39.002700,1295.0,4,1295.0,95,1300.0,153,2,2454,2025-06-12
2025-06-12 09:01:44.716405,1295.0,1,1295.0,97,1300.0,155,2,2454,2025-06-12
2025-06-12 09:01:48.024101,1295.0,3,1295.0,97,1300.0,158,2,2454,2025-06-12
2025-06-12 09:01:48.110337,1295.0,1,1295.0,95,1300.0,157,2,2454,2025-06-12
2025-06-12 09:01:49.496026,1295.0,20,1295.0,71,1300.0,157,2,2454,2025-06-12
2025-06-12 09:01:49.529957,1295.0,1,1295.0,70,1300.0,159,2,2454,2025-06-12
2025-06-12 09:01:49.950612,1295.0,2,1295.0,68,1300.0,157,2,2454,2025-06-12
2025-06-12 09:01:49.951748,1295.0,1,1295.0,67,1300.0,156,2,2454,2025-06-12
2025-06-12 09:01:51.210430,1295.0,1,1295.0,67,1300.0,156,2,2454,2025-06-12
2025-06-12 09:01:51.253473,1295.0,1,1295.0,66,1300.0,156,2,2454,2025-06-12
2025-06-12 09:01:51.616558,1295.0,1,1295.0,65,1300.0,156,2,2454,2025-06-12
2025-06-12 09:01:51.792582,1295.0,4,1295.0,62,1300.0,156,2,2454,2025-06-12
2025-06-12 09:01:51.853433,1295.0,1,1295.0,61,1300.0,156,2,2454,2025-06-12
2025-06-12 09:01:53.168070,1295.0,1,1295.0,60,1300.0,152,2,2454,2025-06-12
2025-06-12 09:01:53.684593,1295.0,8,1295.0,52,1300.0,152,2,2454,2025-06-12
2025-06-12 09:01:53.903561,1295.0,15,1295.0,37,1300.0,154,2,2454,2025-06-12
2025-06-12 09:01:54.077343,1295.0,3,1295.0,34,1300.0,154,2,2454,2025-06-12
2025-06-12 09:01:54.093522,1295.0,1,1295.0,33,1300.0,154,2,2454,2025-06-12
2025-06-12 09:01:54.228324,1295.0,1,1295.0,32,1300.0,154,2,2454,2025-06-12
2025-06-12 09:01:54.781542,1295.0,2,1295.0,30,1300.0,152,2,2454,2025-06-12
2025-06-12 09:01:55.859138,1295.0,1,1295.0,30,1300.0,154,2,2454,2025-06-12
2025-06-12 09:01:55.863517,1295.0,1,1295.0,29,1300.0,154,2,2454,2025-06-12
2025-06-12 09:01:55.868407,1295.0,1,1295.0,28,1300.0,154,2,2454,2025-06-12
2025-06-12 09:01:55.872289,1295.0,1,1295.0,27,1300.0,154,2,2454,2025-06-12
2025-06-12 09:01:55.947433,1295.0,1,1295.0,26,1300.0,154,2,2454,2025-06-12
2025-06-12 09:01:56.230693,1295.0,1,1295.0,25,1300.0,153,2,2454,2025-06-12
2025-06-12 09:01:56.852811,1295.0,2,1295.0,23,1300.0,153,2,2454,2025-06-12
2025-06-12 09:01:57.269761,1295.0,1,1295.0,22,1300.0,153,2,2454,2025-06-12
2025-06-12 09:01:57.649444,1295.0,2,1295.0,20,1300.0,153,2,2454,2025-06-12
2025-06-12 09:01:59.650020,1295.0,2,1295.0,26,1300.0,153,2,2454,2025-06-12
2025-06-12 09:02:01.589905,1295.0,1,1295.0,24,1300.0,153,2,2454,2025-06-12
2025-06-12 09:02:03.219195,1295.0,4,1295.0,22,1300.0,154,2,2454,2025-06-12
2025-06-12 09:02:03.258318,1295.0,1,1295.0,21,1300.0,153,2,2454,2025-06-12
2025-06-12 09:02:03.269038,1295.0,4,1295.0,17,1300.0,153,2,2454,2025-06-12
2025-06-12 09:02:03.949310,1295.0,1,1295.0,17,1300.0,152,2,2454,2025-06-12
2025-06-12 09:02:05.648937,1295.0,1,1295.0,17,1300.0,153,2,2454,2025-06-12
2025-06-12 09:02:06.095682,1295.0,1,1295.0,16,1300.0,153,2,2454,2025-06-12
2025-06-12 09:02:06.202001,1295.0,1,1295.0,15,1300.0,153,2,2454,2025-06-12
2025-06-12 09:02:06.279107,1295.0,1,1295.0,14,1300.0,153,2,2454,2025-06-12
2025-06-12 09:02:07.382746,1295.0,10,1295.0,6,1300.0,153,2,2454,2025-06-12
2025-06-12 09:02:07.423021,1295.0,6,1290.0,247,1295.0,2,2,2454,2025-06-12
2025-06-12 09:02:07.463019,1290.0,1,1290.0,275,1300.0,152,2,2454,2025-06-12
2025-06-12 09:02:07.525957,1295.0,3,1290.0,275,1300.0,149,1,2454,2025-06-12
2025-06-12 09:02:08.074313,1295.0,2,1295.0,7,1300.0,149,2,2454,2025-06-12
2025-06-12 09:02:09.543517,1295.0,1,1295.0,5,1300.0,149,2,2454,2025-06-12
2025-06-12 09:02:09.687234,1295.0,1,1295.0,4,1300.0,149,2,2454,2025-06-12
2025-06-12 09:02:09.930821,1295.0,1,1295.0,3,1300.0,149,2,2454,2025-06-12
2025-06-12 09:02:11.309808,1295.0,1,1290.0,268,1300.0,150,1,2454,2025-06-12
2025-06-12 09:02:11.380228,1295.0,1,1290.0,268,1300.0,147,1,2454,2025-06-12
2025-06-12 09:02:13.138425,1295.0,1,1295.0,44,1300.0,148,2,2454,2025-06-12
2025-06-12 09:02:18.296647,1295.0,35,1295.0,23,1300.0,94,2,2454,2025-06-12
2025-06-12 09:02:22.346921,1300.0,1,1295.0,17,1300.0,127,1,2454,2025-06-12
2025-06-12 09:02:26.275463,1295.0,2,1295.0,28,1300.0,99,2,2454,2025-06-12
2025-06-12 09:02:30.037193,1295.0,4,1295.0,24,1300.0,95,2,2454,2025-06-12
2025-06-12 09:02:30.130999,1295.0,3,1295.0,21,1300.0,92,2,2454,2025-06-12
2025-06-12 09:02:34.276052,1295.0,4,1295.0,22,1300.0,92,2,2454,2025-06-12
2025-06-12 09:02:34.321273,1295.0,4,1295.0,18,1300.0,92,2,2454,2025-06-12
2025-06-12 09:02:36.772822,1295.0,1,1295.0,14,1300.0,126,2,2454,2025-06-12
2025-06-12 09:02:36.950788,1295.0,1,1295.0,13,1300.0,126,2,2454,2025-06-12
2025-06-12 09:02:39.410650,1295.0,1,1295.0,15,1300.0,128,2,2454,2025-06-12
2025-06-12 09:02:42.711012,1300.0,1,1295.0,20,1300.0,130,1,2454,2025-06-12
2025-06-12 09:02:44.626391,1295.0,1,1295.0,19,1300.0,133,2,2454,2025-06-12
2025-06-12 09:02:48.138304,1295.0,2,1295.0,16,1300.0,133,2,2454,2025-06-12
2025-06-12 09:02:50.591921,1295.0,3,1295.0,14,1300.0,133,2,2454,2025-06-12
2025-06-12 09:02:50.737429,1295.0,4,1295.0,10,1300.0,134,2,2454,2025-06-12
2025-06-12 09:02:56.062809,1295.0,1,1295.0,11,1300.0,134,2,2454,2025-06-12
2025-06-12 09:02:56.355605,1295.0,1,1295.0,10,1300.0,134,2,2454,2025-06-12
2025-06-12 09:02:56.740902,1295.0,2,1295.0,8,1300.0,134,2,2454,2025-06-12
2025-06-12 09:03:03.175332,1295.0,1,1295.0,14,1300.0,136,2,2454,2025-06-12
2025-06-12 09:03:03.219729,1295.0,4,1295.0,9,1300.0,136,2,2454,2025-06-12
2025-06-12 09:03:05.243314,1295.0,4,1295.0,8,1300.0,137,2,2454,2025-06-12
2025-06-12 09:03:05.381797,1295.0,4,1295.0,4,1300.0,137,2,2454,2025-06-12
2025-06-12 09:03:06.059632,1295.0,1,1295.0,3,1300.0,137,2,2454,2025-06-12
2025-06-12 09:03:07.501576,1295.0,1,1295.0,2,1300.0,138,2,2454,2025-06-12
2025-06-12 09:03:11.547367,1295.0,1,1295.0,1,1300.0,138,2,2454,2025-06-12
2025-06-12 09:03:13.181822,1295.0,1,1290.0,289,1300.0,137,2,2454,2025-06-12
2025-06-12 09:03:16.852244,1290.0,1,1290.0,291,1300.0,132,2,2454,2025-06-12
2025-06-12 09:03:19.328300,1295.0,2,1290.0,290,1300.0,132,1,2454,2025-06-12
2025-06-12 09:03:19.965316,1295.0,1,1295.0,11,1300.0,101,2,2454,2025-06-12
2025-06-12 09:03:19.966266,1295.0,1,1295.0,10,1300.0,100,2,2454,2025-06-12
2025-06-12 09:03:20.973119,1295.0,1,1295.0,11,1300.0,100,2,2454,2025-06-12
2025-06-12 09:03:27.303853,1295.0,1,1290.0,276,1300.0,154,2,2454,2025-06-12
2025-06-12 09:03:27.662800,1295.0,1,1290.0,276,1295.0,1,1,2454,2025-06-12
2025-06-12 09:03:28.511748,1295.0,1,1290.0,273,1295.0,2,1,2454,2025-06-12
2025-06-12 09:03:28.553262,1295.0,2,1290.0,273,1300.0,150,1,2454,2025-06-12
2025-06-12 09:03:34.012468,1295.0,1,1290.0,275,1295.0,6,1,2454,2025-06-12
2025-06-12 09:03:34.044380,1295.0,6,1290.0,275,1300.0,145,1,2454,2025-06-12
2025-06-12 09:03:36.321796,1295.0,1,1290.0,252,1300.0,149,2,2454,2025-06-12
2025-06-12 09:03:36.321796,1290.0,3,1290.0,252,1300.0,149,2,2454,2025-06-12
2025-06-12 09:03:36.437708,1290.0,4,1290.0,252,1300.0,145,2,2454,2025-06-12
2025-06-12 09:03:41.418299,1295.0,1,1290.0,246,1295.0,3,1,2454,2025-06-12
2025-06-12 09:03:44.873931,1290.0,5,1290.0,244,1295.0,15,2,2454,2025-06-12
2025-06-12 09:03:57.007960,1290.0,2,1290.0,242,1295.0,32,2,2454,2025-06-12
2025-06-12 09:04:02.986849,1290.0,1,1290.0,242,1295.0,36,2,2454,2025-06-12
2025-06-12 09:04:06.748789,1290.0,1,1290.0,250,1295.0,40,2,2454,2025-06-12
2025-06-12 09:04:07.293425,1290.0,4,1290.0,246,1295.0,40,2,2454,2025-06-12
2025-06-12 09:04:07.301836,1290.0,4,1290.0,242,1295.0,40,2,2454,2025-06-12
2025-06-12 09:04:13.509525,1295.0,1,1290.0,246,1295.0,43,1,2454,2025-06-12
2025-06-12 09:04:13.762093,1290.0,1,1290.0,245,1295.0,44,2,2454,2025-06-12
2025-06-12 09:04:23.577850,1290.0,1,1290.0,246,1295.0,45,2,2454,2025-06-12
2025-06-12 09:04:24.238587,1295.0,1,1290.0,246,1295.0,45,1,2454,2025-06-12
2025-06-12 09:04:38.457085,1290.0,4,1290.0,241,1295.0,57,2,2454,2025-06-12
2025-06-12 09:04:38.550172,1290.0,4,1290.0,237,1295.0,57,2,2454,2025-06-12
2025-06-12 09:04:41.609115,1295.0,1,1290.0,235,1295.0,62,1,2454,2025-06-12
2025-06-12 09:04:42.061737,1290.0,1,1290.0,234,1295.0,64,2,2454,2025-06-12
2025-06-12 09:04:42.471345,1295.0,1,1290.0,234,1295.0,67,1,2454,2025-06-12
2025-06-12 09:04:44.538985,1295.0,1,1290.0,235,1295.0,66,1,2454,2025-06-12
2025-06-12 09:04:46.049477,1295.0,1,1290.0,236,1295.0,65,1,2454,2025-06-12
2025-06-12 09:04:48.965430,1290.0,1,1290.0,236,1295.0,59,2,2454,2025-06-12
2025-06-12 09:04:57.811117,1290.0,1,1290.0,238,1295.0,67,2,2454,2025-06-12
2025-06-12 09:04:59.482056,1290.0,1,1290.0,239,1295.0,67,2,2454,2025-06-12
2025-06-12 09:05:09.520716,1290.0,4,1290.0,227,1295.0,81,2,2454,2025-06-12
2025-06-12 09:05:09.611719,1290.0,4,1290.0,223,1295.0,83,2,2454,2025-06-12
2025-06-12 09:05:22.035581,1290.0,1,1290.0,216,1295.0,90,2,2454,2025-06-12
2025-06-12 09:05:27.407253,1290.0,1,1290.0,253,1295.0,93,2,2454,2025-06-12
2025-06-12 09:05:30.183954,1290.0,4,1290.0,249,1295.0,96,2,2454,2025-06-12
2025-06-12 09:05:40.574576,1290.0,4,1290.0,251,1295.0,98,2,2454,2025-06-12
2025-06-12 09:05:40.663641,1290.0,4,1290.0,243,1295.0,98,2,2454,2025-06-12
2025-06-12 09:05:42.848968,1290.0,1,1290.0,242,1295.0,99,2,2454,2025-06-12
2025-06-12 09:05:49.576370,1290.0,1,1290.0,243,1295.0,98,2,2454,2025-06-12
2025-06-12 09:05:54.906507,1295.0,1,1290.0,244,1295.0,111,1,2454,2025-06-12
2025-06-12 09:05:58.887635,1295.0,1,1290.0,245,1295.0,108,1,2454,2025-06-12
2025-06-12 09:06:05.108166,1295.0,1,1290.0,243,1295.0,106,1,2454,2025-06-12
2025-06-12 09:06:05.951014,1295.0,1,1290.0,246,1295.0,104,1,2454,2025-06-12
2025-06-12 09:06:11.520721,1290.0,4,1290.0,273,1295.0,108,2,2454,2025-06-12
2025-06-12 09:06:11.527226,1290.0,4,1290.0,269,1295.0,108,2,2454,2025-06-12
2025-06-12 09:06:20.209977,1295.0,3,1290.0,269,1295.0,106,1,2454,2025-06-12
2025-06-12 09:06:42.686636,1290.0,4,1290.0,343,1295.0,100,2,2454,2025-06-12
2025-06-12 09:06:42.773653,1290.0,4,1290.0,339,1295.0,100,2,2454,2025-06-12
2025-06-12 09:06:44.591766,1295.0,2,1290.0,338,1295.0,101,1,2454,2025-06-12
2025-06-12 09:06:54.369361,1295.0,1,1290.0,359,1295.0,100,1,2454,2025-06-12
2025-06-12 09:07:02.958790,1295.0,1,1290.0,364,1295.0,98,1,2454,2025-06-12
2025-06-12 09:07:05.698636,1295.0,1,1290.0,366,1295.0,93,1,2454,2025-06-12
2025-06-12 09:07:10.341690,1290.0,1,1290.0,379,1295.0,93,2,2454,2025-06-12
2025-06-12 09:07:10.877517,1295.0,1,1290.0,379,1295.0,93,1,2454,2025-06-12
2025-06-12 09:07:13.320835,1295.0,1,1290.0,399,1295.0,93,1,2454,2025-06-12
2025-06-12 09:07:13.645906,1290.0,4,1290.0,395,1295.0,92,2,2454,2025-06-12
2025-06-12 09:07:13.824942,1290.0,4,1290.0,391,1295.0,93,2,2454,2025-06-12
2025-06-12 09:07:14.314187,1295.0,2,1290.0,389,1295.0,93,1,2454,2025-06-12
2025-06-12 09:07:14.856346,1295.0,1,1290.0,388,1295.0,93,1,2454,2025-06-12
2025-06-12 09:07:17.247145,1295.0,3,1290.0,389,1295.0,90,1,2454,2025-06-12
2025-06-12 09:07:17.778993,1295.0,1,1290.0,388,1295.0,89,1,2454,2025-06-12
2025-06-12 09:07:18.376919,1295.0,2,1290.0,388,1295.0,87,1,2454,2025-06-12
2025-06-12 09:07:21.098413,1295.0,1,1290.0,391,1295.0,86,1,2454,2025-06-12
2025-06-12 09:07:21.400739,1295.0,1,1290.0,391,1295.0,85,1,2454,2025-06-12
2025-06-12 09:07:21.457672,1295.0,3,1290.0,391,1295.0,82,1,2454,2025-06-12
2025-06-12 09:07:21.906758,1295.0,1,1290.0,391,1295.0,81,1,2454,2025-06-12
2025-06-12 09:07:23.623712,1295.0,1,1290.0,390,1295.0,81,1,2454,2025-06-12
2025-06-12 09:07:26.140135,1295.0,2,1290.0,391,1295.0,79,1,2454,2025-06-12
2025-06-12 09:07:27.047563,1295.0,3,1290.0,391,1295.0,76,1,2454,2025-06-12
2025-06-12 09:07:29.134004,1295.0,1,1290.0,390,1295.0,75,1,2454,2025-06-12
2025-06-12 09:07:29.339199,1295.0,1,1290.0,390,1295.0,74,1,2454,2025-06-12
2025-06-12 09:07:29.807269,1295.0,2,1290.0,390,1295.0,72,1,2454,2025-06-12
2025-06-12 09:07:29.842357,1295.0,1,1290.0,390,1295.0,71,1,2454,2025-06-12
2025-06-12 09:07:30.206391,1295.0,10,1290.0,390,1295.0,61,1,2454,2025-06-12
2025-06-12 09:07:31.849610,1295.0,1,1290.0,390,1295.0,60,1,2454,2025-06-12
2025-06-12 09:07:32.867812,1295.0,1,1290.0,390,1295.0,59,1,2454,2025-06-12
2025-06-12 09:07:32.948235,1295.0,2,1290.0,390,1295.0,57,1,2454,2025-06-12
2025-06-12 09:07:34.001052,1295.0,1,1290.0,391,1295.0,66,1,2454,2025-06-12
2025-06-12 09:07:34.380075,1295.0,1,1290.0,386,1295.0,65,1,2454,2025-06-12
2025-06-12 09:07:37.392713,1295.0,7,1290.0,358,1295.0,62,1,2454,2025-06-12
2025-06-12 09:07:37.545707,1295.0,1,1290.0,358,1295.0,61,1,2454,2025-06-12
2025-06-12 09:07:38.156570,1295.0,1,1290.0,358,1295.0,60,1,2454,2025-06-12
2025-06-12 09:07:39.383141,1295.0,1,1290.0,359,1295.0,60,1,2454,2025-06-12
2025-06-12 09:07:39.685938,1295.0,10,1290.0,360,1295.0,50,1,2454,2025-06-12
2025-06-12 09:07:39.737629,1295.0,3,1290.0,360,1295.0,50,1,2454,2025-06-12
2025-06-12 09:07:40.733501,1295.0,1,1290.0,362,1295.0,46,1,2454,2025-06-12
2025-06-12 09:07:40.870702,1295.0,1,1290.0,361,1295.0,45,1,2454,2025-06-12
2025-06-12 09:07:41.218745,1295.0,3,1290.0,361,1295.0,42,1,2454,2025-06-12
2025-06-12 09:07:41.937959,1295.0,1,1290.0,361,1295.0,41,1,2454,2025-06-12
2025-06-12 09:07:42.174980,1295.0,1,1290.0,362,1295.0,40,1,2454,2025-06-12
2025-06-12 09:07:43.399541,1295.0,1,1290.0,362,1295.0,36,1,2454,2025-06-12
2025-06-12 09:07:44.525500,1295.0,1,1290.0,363,1295.0,34,1,2454,2025-06-12
2025-06-12 09:07:44.689007,1295.0,1,1290.0,363,1295.0,37,1,2454,2025-06-12
2025-06-12 09:07:44.704606,1295.0,1,1290.0,363,1295.0,38,1,2454,2025-06-12
2025-06-12 09:07:44.719685,1295.0,1,1290.0,363,1295.0,35,1,2454,2025-06-12
2025-06-12 09:07:44.819946,1290.0,4,1290.0,363,1295.0,31,2,2454,2025-06-12
2025-06-12 09:07:44.884973,1290.0,4,1290.0,355,1295.0,36,2,2454,2025-06-12
2025-06-12 09:07:45.344521,1295.0,1,1290.0,360,1295.0,37,1,2454,2025-06-12
2025-06-12 09:07:45.499073,1295.0,10,1290.0,360,1295.0,27,1,2454,2025-06-12
2025-06-12 09:07:45.779595,1295.0,1,1290.0,360,1295.0,26,1,2454,2025-06-12
2025-06-12 09:07:46.099575,1295.0,1,1290.0,360,1295.0,25,1,2454,2025-06-12
2025-06-12 09:07:46.285754,1295.0,4,1290.0,360,1295.0,21,1,2454,2025-06-12
2025-06-12 09:07:46.545169,1290.0,1,1290.0,359,1295.0,21,2,2454,2025-06-12
2025-06-12 09:07:46.891509,1295.0,1,1290.0,360,1295.0,20,1,2454,2025-06-12
2025-06-12 09:07:47.041807,1295.0,2,1290.0,361,1295.0,18,1,2454,2025-06-12
2025-06-12 09:07:47.048317,1295.0,1,1290.0,361,1295.0,17,1,2454,2025-06-12
2025-06-12 09:07:47.271217,1295.0,1,1290.0,361,1295.0,16,1,2454,2025-06-12
2025-06-12 09:07:47.516656,1295.0,1,1290.0,361,1295.0,17,1,2454,2025-06-12
2025-06-12 09:07:47.795735,1295.0,1,1290.0,361,1295.0,16,1,2454,2025-06-12
2025-06-12 09:07:47.928516,1295.0,1,1290.0,362,1295.0,15,1,2454,2025-06-12
2025-06-12 09:07:47.946297,1295.0,1,1290.0,362,1295.0,14,1,2454,2025-06-12
2025-06-12 09:07:47.976998,1295.0,1,1290.0,362,1295.0,13,1,2454,2025-06-12
2025-06-12 09:07:48.884484,1295.0,1,1290.0,362,1295.0,11,1,2454,2025-06-12
2025-06-12 09:07:49.416294,1295.0,1,1290.0,359,1295.0,10,1,2454,2025-06-12
2025-06-12 09:07:49.484860,1295.0,1,1290.0,359,1295.0,9,1,2454,2025-06-12
2025-06-12 09:07:49.664052,1295.0,1,1290.0,358,1295.0,8,1,2454,2025-06-12
2025-06-12 09:07:49.786842,1295.0,1,1290.0,357,1295.0,7,1,2454,2025-06-12
2025-06-12 09:07:49.869646,1295.0,1,1290.0,357,1295.0,6,1,2454,2025-06-12
2025-06-12 09:07:50.211178,1290.0,1,1290.0,356,1295.0,7,2,2454,2025-06-12
2025-06-12 09:07:50.631242,1295.0,2,1290.0,356,1295.0,6,1,2454,2025-06-12
2025-06-12 09:07:50.669000,1295.0,1,1290.0,356,1295.0,5,1,2454,2025-06-12
2025-06-12 09:07:50.696361,1295.0,1,1290.0,356,1295.0,4,1,2454,2025-06-12
2025-06-12 09:07:50.716080,1295.0,4,1290.0,356,1300.0,181,1,2454,2025-06-12
2025-06-12 09:07:51.046169,1300.0,1,1290.0,356,1300.0,185,1,2454,2025-06-12
2025-06-12 09:07:51.490789,1295.0,1,1290.0,358,1300.0,184,2,2454,2025-06-12
2025-06-12 09:07:51.774134,1295.0,1,1290.0,353,1295.0,9,1,2454,2025-06-12
2025-06-12 09:07:52.171826,1295.0,2,1290.0,353,1295.0,8,1,2454,2025-06-12
2025-06-12 09:07:52.517487,1295.0,1,1290.0,353,1295.0,7,1,2454,2025-06-12
2025-06-12 09:07:52.845133,1295.0,1,1290.0,353,1295.0,7,1,2454,2025-06-12
2025-06-12 09:07:53.076418,1295.0,1,1290.0,353,1295.0,6,1,2454,2025-06-12
2025-06-12 09:07:53.754556,1295.0,1,1290.0,352,1295.0,5,1,2454,2025-06-12
2025-06-12 09:07:54.142165,1295.0,1,1290.0,354,1295.0,4,1,2454,2025-06-12
2025-06-12 09:07:56.457748,1295.0,1,1290.0,372,1295.0,3,1,2454,2025-06-12
2025-06-12 09:07:57.220825,1295.0,1,1290.0,372,1295.0,2,1,2454,2025-06-12
2025-06-12 09:07:58.286490,1295.0,1,1290.0,372,1295.0,4,1,2454,2025-06-12
2025-06-12 09:07:58.854726,1295.0,1,1290.0,372,1295.0,3,1,2454,2025-06-12
2025-06-12 09:07:59.737164,1295.0,1,1290.0,371,1295.0,4,1,2454,2025-06-12
2025-06-12 09:08:00.210434,1295.0,1,1290.0,369,1295.0,4,1,2454,2025-06-12
2025-06-12 09:08:00.609385,1295.0,1,1290.0,370,1295.0,2,1,2454,2025-06-12
2025-06-12 09:08:00.832025,1295.0,2,1290.0,370,1300.0,191,1,2454,2025-06-12
2025-06-12 09:08:01.720640,1295.0,1,1290.0,371,1300.0,188,2,2454,2025-06-12
2025-06-12 09:08:01.731166,1295.0,1,1295.0,1,1300.0,187,2,2454,2025-06-12
2025-06-12 09:08:02.768095,1295.0,5,1295.0,1,1300.0,189,2,2454,2025-06-12
2025-06-12 09:08:02.800049,1295.0,2,1290.0,371,1300.0,191,2,2454,2025-06-12
2025-06-12 09:08:03.771579,1295.0,1,1290.0,368,1300.0,193,2,2454,2025-06-12
2025-06-12 09:08:03.803592,1300.0,1,1290.0,368,1300.0,189,1,2454,2025-06-12
2025-06-12 09:08:03.866899,1295.0,2,1290.0,366,1300.0,189,2,2454,2025-06-12
2025-06-12 09:08:05.571122,1295.0,1,1290.0,369,1300.0,189,2,2454,2025-06-12
2025-06-12 09:08:05.825370,1295.0,1,1290.0,369,1295.0,2,1,2454,2025-06-12
2025-06-12 09:08:06.127940,1295.0,1,1290.0,367,1300.0,189,2,2454,2025-06-12
2025-06-12 09:08:06.819749,1295.0,1,1290.0,367,1295.0,1,1,2454,2025-06-12
2025-06-12 09:08:06.965981,1295.0,1,1290.0,367,1295.0,1,1,2454,2025-06-12
2025-06-12 09:08:09.704711,1295.0,1,1290.0,369,1300.0,189,2,2454,2025-06-12
2025-06-12 09:08:13.584995,1295.0,1,1290.0,371,1295.0,1,1,2454,2025-06-12
2025-06-12 09:08:15.745002,1290.0,4,1290.0,378,1300.0,190,2,2454,2025-06-12
2025-06-12 09:08:15.785879,1290.0,4,1290.0,374,1300.0,190,2,2454,2025-06-12
2025-06-12 09:08:20.267831,1295.0,2,1290.0,365,1295.0,4,1,2454,2025-06-12
2025-06-12 09:08:24.787431,1295.0,1,1290.0,376,1295.0,5,1,2454,2025-06-12
2025-06-12 09:08:26.320416,1295.0,1,1290.0,376,1295.0,4,1,2454,2025-06-12
2025-06-12 09:08:29.324872,1295.0,1,1290.0,376,1295.0,6,1,2454,2025-06-12
2025-06-12 09:08:29.573421,1295.0,1,1290.0,376,1295.0,5,1,2454,2025-06-12
2025-06-12 09:08:29.659033,1295.0,1,1290.0,376,1295.0,4,1,2454,2025-06-12
2025-06-12 09:08:32.485019,1295.0,2,1290.0,377,1295.0,2,1,2454,2025-06-12
2025-06-12 09:08:33.598005,1295.0,1,1290.0,377,1300.0,191,2,2454,2025-06-12
2025-06-12 09:08:35.262044,1295.0,1,1290.0,376,1300.0,195,2,2454,2025-06-12
2025-06-12 09:08:36.170635,1300.0,1,1290.0,377,1300.0,189,1,2454,2025-06-12
2025-06-12 09:08:39.167651,1295.0,2,1290.0,379,1300.0,189,2,2454,2025-06-12
2025-06-12 09:08:39.631326,1295.0,1,1290.0,381,1300.0,187,2,2454,2025-06-12
2025-06-12 09:08:42.889737,1295.0,1,1290.0,385,1300.0,188,2,2454,2025-06-12
2025-06-12 09:08:45.471226,1295.0,1,1290.0,386,1300.0,202,2,2454,2025-06-12
2025-06-12 09:08:46.045832,1295.0,1,1290.0,386,1300.0,202,2,2454,2025-06-12
2025-06-12 09:08:46.740775,1290.0,4,1290.0,383,1300.0,203,2,2454,2025-06-12
2025-06-12 09:08:46.799457,1290.0,4,1290.0,379,1300.0,204,2,2454,2025-06-12
2025-06-12 09:08:47.122122,1295.0,1,1290.0,379,1295.0,1,1,2454,2025-06-12
2025-06-12 09:08:48.600751,1300.0,2,1290.0,377,1300.0,202,1,2454,2025-06-12
2025-06-12 09:08:50.088700,1295.0,1,1290.0,377,1300.0,208,2,2454,2025-06-12
2025-06-12 09:08:53.455575,1295.0,1,1290.0,403,1300.0,213,2,2454,2025-06-12
2025-06-12 09:08:54.196798,1295.0,1,1290.0,403,1300.0,215,2,2454,2025-06-12
2025-06-12 09:08:56.011229,1295.0,1,1290.0,404,1300.0,216,2,2454,2025-06-12
2025-06-12 09:08:56.089227,1295.0,1,1290.0,404,1300.0,215,2,2454,2025-06-12
2025-06-12 09:08:58.681782,1300.0,1,1290.0,402,1300.0,215,1,2454,2025-06-12
2025-06-12 09:09:00.134061,1295.0,2,1290.0,402,1300.0,214,2,2454,2025-06-12
2025-06-12 09:09:01.675714,1295.0,1,1290.0,402,1300.0,216,1,2454,2025-06-12
2025-06-12 09:09:03.156829,1295.0,1,1290.0,402,1300.0,223,2,2454,2025-06-12
2025-06-12 09:09:04.803711,1290.0,1,1290.0,402,1300.0,224,2,2454,2025-06-12
2025-06-12 09:09:05.720986,1295.0,1,1290.0,400,1300.0,223,2,2454,2025-06-12
2025-06-12 09:09:06.178735,1295.0,1,1290.0,400,1300.0,223,2,2454,2025-06-12
2025-06-12 09:09:17.390781,1295.0,1,1290.0,401,1300.0,235,2,2454,2025-06-12
2025-06-12 09:09:17.853026,1290.0,4,1290.0,398,1300.0,234,2,2454,2025-06-12
2025-06-12 09:09:17.907117,1290.0,4,1290.0,394,1300.0,235,2,2454,2025-06-12
2025-06-12 09:09:19.497942,1295.0,1,1290.0,396,1300.0,240,2,2454,2025-06-12
2025-06-12 09:09:19.569739,1300.0,1,1290.0,396,1300.0,239,1,2454,2025-06-12
2025-06-12 09:09:25.859148,1295.0,1,1290.0,396,1295.0,5,1,2454,2025-06-12
2025-06-12 09:09:29.971715,1295.0,1,1290.0,396,1295.0,9,1,2454,2025-06-12
2025-06-12 09:09:30.098007,1295.0,1,1290.0,396,1295.0,9,1,2454,2025-06-12
2025-06-12 09:09:30.255877,1295.0,1,1290.0,396,1295.0,7,1,2454,2025-06-12
2025-06-12 09:09:31.364808,1295.0,1,1290.0,396,1295.0,7,1,2454,2025-06-12
2025-06-12 09:09:31.798852,1295.0,1,1290.0,396,1295.0,6,1,2454,2025-06-12
2025-06-12 09:09:32.042763,1295.0,3,1290.0,396,1295.0,3,1,2454,2025-06-12
2025-06-12 09:09:32.120156,1295.0,2,1290.0,396,1295.0,1,1,2454,2025-06-12
2025-06-12 09:09:32.585767,1295.0,1,1290.0,394,1300.0,235,2,2454,2025-06-12
2025-06-12 09:09:33.561769,1295.0,1,1290.0,406,1300.0,236,2,2454,2025-06-12
2025-06-12 09:09:34.936056,1300.0,1,1290.0,406,1300.0,235,1,2454,2025-06-12
2025-06-12 09:09:35.543117,1295.0,1,1290.0,408,1300.0,236,2,2454,2025-06-12
2025-06-12 09:09:37.223630,1295.0,1,1290.0,409,1300.0,235,2,2454,2025-06-12
2025-06-12 09:09:43.512022,1295.0,1,1290.0,413,1300.0,241,2,2454,2025-06-12
2025-06-12 09:09:47.901477,1290.0,4,1290.0,417,1295.0,3,2,2454,2025-06-12
2025-06-12 09:09:47.955370,1290.0,4,1290.0,413,1295.0,4,2,2454,2025-06-12
2025-06-12 09:09:48.016321,1295.0,1,1290.0,413,1295.0,3,1,2454,2025-06-12
2025-06-12 09:09:49.539082,1295.0,1,1290.0,414,1295.0,2,1,2454,2025-06-12
2025-06-12 09:09:49.890829,1295.0,1,1290.0,414,1295.0,1,1,2454,2025-06-12
2025-06-12 09:09:50.801118,1295.0,1,1290.0,423,1300.0,230,2,2454,2025-06-12
2025-06-12 09:09:55.586266,1295.0,1,1290.0,423,1300.0,245,2,2454,2025-06-12
2025-06-12 09:10:05.262922,1295.0,1,1290.0,432,1300.0,249,2,2454,2025-06-12
2025-06-12 09:10:08.331865,1295.0,1,1290.0,432,1300.0,258,2,2454,2025-06-12
2025-06-12 09:10:09.801401,1295.0,1,1290.0,434,1300.0,256,2,2454,2025-06-12
2025-06-12 09:10:11.911781,1295.0,1,1290.0,434,1300.0,255,2,2454,2025-06-12
2025-06-12 09:10:11.945530,1295.0,1,1290.0,434,1300.0,255,2,2454,2025-06-12
2025-06-12 09:10:17.271163,1300.0,1,1290.0,432,1300.0,257,1,2454,2025-06-12
2025-06-12 09:10:18.954222,1290.0,4,1290.0,428,1300.0,258,2,2454,2025-06-12
2025-06-12 09:10:19.018584,1290.0,4,1290.0,424,1300.0,258,2,2454,2025-06-12
2025-06-12 09:10:19.835532,1295.0,1,1290.0,423,1300.0,258,2,2454,2025-06-12
2025-06-12 09:10:21.252385,1295.0,1,1290.0,420,1295.0,3,1,2454,2025-06-12
2025-06-12 09:10:26.847585,1295.0,1,1290.0,423,1295.0,5,1,2454,2025-06-12
2025-06-12 09:10:27.143651,1295.0,1,1290.0,423,1295.0,4,1,2454,2025-06-12
2025-06-12 09:10:28.642676,1295.0,1,1290.0,422,1295.0,3,1,2454,2025-06-12
2025-06-12 09:10:34.746426,1295.0,1,1290.0,425,1295.0,4,1,2454,2025-06-12
2025-06-12 09:10:35.242440,1295.0,1,1290.0,425,1295.0,5,1,2454,2025-06-12
2025-06-12 09:10:36.784471,1295.0,2,1290.0,423,1295.0,3,1,2454,2025-06-12
2025-06-12 09:10:37.779686,1295.0,1,1290.0,424,1295.0,2,1,2454,2025-06-12
2025-06-12 09:10:42.668119,1295.0,2,1290.0,428,1295.0,3,1,2454,2025-06-12
2025-06-12 09:10:43.496046,1295.0,1,1290.0,428,1295.0,3,1,2454,2025-06-12
2025-06-12 09:10:43.606919,1295.0,1,1290.0,428,1295.0,2,1,2454,2025-06-12
2025-06-12 09:10:44.028232,1295.0,1,1290.0,428,1295.0,1,1,2454,2025-06-12
2025-06-12 09:10:44.329897,1295.0,1,1290.0,428,1300.0,246,1,2454,2025-06-12
2025-06-12 09:10:44.422955,1295.0,1,1290.0,427,1300.0,246,2,2454,2025-06-12
2025-06-12 09:10:47.641998,1300.0,1,1290.0,427,1300.0,255,1,2454,2025-06-12
2025-06-12 09:10:48.032896,1295.0,1,1290.0,427,1300.0,255,2,2454,2025-06-12
2025-06-12 09:10:48.251843,1295.0,5,1295.0,5,1300.0,255,2,2454,2025-06-12
2025-06-12 09:10:48.251954,1295.0,5,1290.0,427,1300.0,255,2,2454,2025-06-12
2025-06-12 09:10:49.774917,1300.0,2,1290.0,418,1300.0,251,1,2454,2025-06-12
2025-06-12 09:10:50.075648,1290.0,4,1290.0,414,1300.0,252,2,2454,2025-06-12
2025-06-12 09:10:50.205666,1290.0,4,1290.0,409,1300.0,252,2,2454,2025-06-12
2025-06-12 09:10:50.535714,1300.0,1,1290.0,409,1300.0,251,1,2454,2025-06-12
2025-06-12 09:10:50.684006,1295.0,1,1290.0,408,1300.0,251,2,2454,2025-06-12
2025-06-12 09:10:50.844523,1295.0,1,1290.0,409,1300.0,250,2,2454,2025-06-12
2025-06-12 09:10:51.679521,1300.0,2,1290.0,409,1300.0,248,1,2454,2025-06-12
2025-06-12 09:10:51.910656,1295.0,1,1290.0,417,1300.0,248,2,2454,2025-06-12
2025-06-12 09:10:54.061220,1300.0,1,1290.0,416,1300.0,247,1,2454,2025-06-12
2025-06-12 09:10:54.244249,1295.0,3,1290.0,421,1300.0,247,2,2454,2025-06-12
2025-06-12 09:10:58.481710,1300.0,1,1290.0,420,1300.0,248,1,2454,2025-06-12
2025-06-12 09:11:05.912180,1295.0,1,1290.0,420,1300.0,249,2,2454,2025-06-12
2025-06-12 09:11:07.848337,1295.0,1,1290.0,421,1300.0,248,2,2454,2025-06-12
2025-06-12 09:11:09.994510,1295.0,1,1290.0,421,1300.0,249,2,2454,2025-06-12
2025-06-12 09:11:13.247847,1295.0,1,1290.0,421,1300.0,250,2,2454,2025-06-12
2025-06-12 09:11:14.159091,1295.0,1,1290.0,421,1300.0,250,2,2454,2025-06-12
2025-06-12 09:11:18.873699,1295.0,5,1290.0,422,1300.0,250,2,2454,2025-06-12
2025-06-12 09:11:21.018862,1300.0,1,1290.0,423,1300.0,249,1,2454,2025-06-12
2025-06-12 09:11:21.049252,1290.0,4,1290.0,419,1300.0,249,2,2454,2025-06-12
2025-06-12 09:11:21.259126,1290.0,4,1290.0,415,1300.0,250,2,2454,2025-06-12
2025-06-12 09:11:23.084185,1300.0,1,1290.0,414,1300.0,249,1,2454,2025-06-12
2025-06-12 09:11:28.211792,1295.0,1,1290.0,414,1300.0,250,1,2454,2025-06-12
2025-06-12 09:11:33.230577,1295.0,1,1290.0,415,1300.0,259,2,2454,2025-06-12
2025-06-12 09:11:34.729514,1295.0,1,1290.0,416,1300.0,258,2,2454,2025-06-12
2025-06-12 09:11:37.008951,1295.0,1,1290.0,416,1300.0,259,2,2454,2025-06-12
2025-06-12 09:11:46.185179,1295.0,1,1290.0,418,1300.0,272,2,2454,2025-06-12
2025-06-12 09:11:52.225641,1290.0,4,1290.0,414,1300.0,274,2,2454,2025-06-12
2025-06-12 09:11:52.316176,1290.0,4,1290.0,410,1300.0,275,2,2454,2025-06-12
2025-06-12 09:12:00.735238,1300.0,1,1290.0,411,1300.0,273,1,2454,2025-06-12
2025-06-12 09:12:06.663004,1295.0,1,1290.0,414,1300.0,263,2,2454,2025-06-12
2025-06-12 09:12:10.090514,1295.0,1,1290.0,420,1300.0,273,2,2454,2025-06-12
2025-06-12 09:12:11.090776,1295.0,1,1290.0,420,1300.0,273,2,2454,2025-06-12
2025-06-12 09:12:14.096410,1295.0,1,1290.0,422,1300.0,276,2,2454,2025-06-12
2025-06-12 09:12:17.220901,1300.0,1,1290.0,421,1300.0,276,1,2454,2025-06-12
2025-06-12 09:12:23.239115,1290.0,4,1290.0,417,1300.0,279,2,2454,2025-06-12
2025-06-12 09:12:23.370895,1290.0,4,1290.0,413,1300.0,279,2,2454,2025-06-12
2025-06-12 09:12:37.649497,1295.0,1,1290.0,420,1295.0,7,1,2454,2025-06-12
2025-06-12 09:12:39.054653,1290.0,10,1290.0,410,1295.0,8,2,2454,2025-06-12
2025-06-12 09:12:40.124157,1295.0,1,1290.0,408,1295.0,10,1,2454,2025-06-12
2025-06-12 09:12:41.437490,1295.0,2,1290.0,406,1295.0,8,1,2454,2025-06-12
2025-06-12 09:12:47.979868,1295.0,2,1290.0,408,1295.0,9,1,2454,2025-06-12
2025-06-12 09:12:54.218065,1290.0,4,1290.0,411,1295.0,7,2,2454,2025-06-12
2025-06-12 09:12:54.433052,1290.0,4,1290.0,407,1295.0,7,2,2454,2025-06-12
2025-06-12 09:12:57.631912,1295.0,1,1290.0,406,1295.0,8,1,2454,2025-06-12
2025-06-12 09:13:02.847481,1295.0,2,1290.0,415,1295.0,7,1,2454,2025-06-12
2025-06-12 09:13:17.262174,1295.0,1,1290.0,418,1295.0,9,1,2454,2025-06-12
2025-06-12 09:13:23.655085,1295.0,1,1290.0,418,1295.0,12,1,2454,2025-06-12
2025-06-12 09:13:25.388685,1290.0,4,1290.0,414,1295.0,11,2,2454,2025-06-12
2025-06-12 09:13:25.487589,1290.0,4,1290.0,410,1295.0,13,2,2454,2025-06-12
2025-06-12 09:13:32.817672,1295.0,1,1290.0,411,1295.0,14,1,2454,2025-06-12
2025-06-12 09:13:36.431556,1295.0,2,1290.0,412,1295.0,12,1,2454,2025-06-12
2025-06-12 09:13:56.341816,1290.0,4,1290.0,408,1295.0,16,2,2454,2025-06-12
2025-06-12 09:13:56.359004,1290.0,4,1290.0,404,1295.0,16,2,2454,2025-06-12
2025-06-12 09:13:59.245530,1295.0,1,1290.0,401,1295.0,17,1,2454,2025-06-12
2025-06-12 09:13:59.316728,1295.0,1,1290.0,401,1295.0,16,1,2454,2025-06-12
2025-06-12 09:13:59.324273,1295.0,1,1290.0,400,1295.0,15,1,2454,2025-06-12
2025-06-12 09:14:11.533243,1295.0,2,1290.0,400,1295.0,17,1,2454,2025-06-12
2025-06-12 09:14:17.977619,1295.0,1,1290.0,401,1295.0,30,1,2454,2025-06-12
2025-06-12 09:14:27.317870,1290.0,4,1290.0,390,1295.0,36,2,2454,2025-06-12
2025-06-12 09:14:27.393373,1290.0,4,1290.0,386,1295.0,36,2,2454,2025-06-12
2025-06-12 09:14:30.773881,1295.0,2,1290.0,384,1295.0,34,1,2454,2025-06-12
2025-06-12 09:14:56.439268,1290.0,1,1290.0,476,1295.0,40,2,2454,2025-06-12
2025-06-12 09:14:58.385629,1290.0,4,1290.0,472,1295.0,40,2,2454,2025-06-12
2025-06-12 09:14:58.448678,1290.0,4,1290.0,468,1295.0,40,2,2454,2025-06-12
2025-06-12 09:15:01.859692,1295.0,1,1290.0,467,1295.0,39,1,2454,2025-06-12
2025-06-12 09:15:03.521438,1295.0,1,1290.0,467,1295.0,38,1,2454,2025-06-12
2025-06-12 09:15:11.604258,1295.0,1,1290.0,467,1295.0,41,1,2454,2025-06-12
2025-06-12 09:15:16.109609,1295.0,1,1290.0,469,1295.0,31,1,2454,2025-06-12
2025-06-12 09:15:26.260814,1295.0,1,1290.0,471,1295.0,29,1,2454,2025-06-12
2025-06-12 09:15:29.551901,1290.0,4,1290.0,467,1295.0,29,2,2454,2025-06-12
2025-06-12 09:15:29.701182,1290.0,4,1290.0,463,1295.0,29,2,2454,2025-06-12
2025-06-12 09:15:33.802860,1295.0,1,1290.0,471,1295.0,30,1,2454,2025-06-12
2025-06-12 09:15:57.122263,1295.0,1,1290.0,479,1295.0,33,1,2454,2025-06-12
2025-06-12 09:16:00.518386,1290.0,4,1290.0,475,1295.0,32,2,2454,2025-06-12
2025-06-12 09:16:00.555903,1290.0,4,1290.0,471,1295.0,32,2,2454,2025-06-12
2025-06-12 09:16:02.263709,1295.0,1,1290.0,470,1295.0,33,1,2454,2025-06-12
2025-06-12 09:16:04.027091,1295.0,1,1290.0,470,1295.0,32,1,2454,2025-06-12
2025-06-12 09:16:12.437919,1295.0,1,1290.0,476,1295.0,31,1,2454,2025-06-12
2025-06-12 09:16:24.328229,1290.0,1,1290.0,477,1295.0,34,2,2454,2025-06-12
2025-06-12 09:16:31.605061,1290.0,4,1290.0,476,1295.0,38,2,2454,2025-06-12
2025-06-12 09:16:31.612690,1290.0,4,1290.0,472,1295.0,38,2,2454,2025-06-12
2025-06-12 09:16:42.296863,1295.0,1,1290.0,471,1295.0,36,1,2454,2025-06-12
2025-06-12 09:16:54.017198,1295.0,1,1290.0,472,1295.0,35,1,2454,2025-06-12
2025-06-12 09:16:56.228236,1295.0,1,1290.0,473,1295.0,34,1,2454,2025-06-12
2025-06-12 09:17:02.669874,1290.0,4,1290.0,445,1295.0,34,2,2454,2025-06-12
2025-06-12 09:17:02.673718,1290.0,4,1290.0,441,1295.0,34,2,2454,2025-06-12
2025-06-12 09:17:04.488840,1295.0,1,1290.0,441,1295.0,33,1,2454,2025-06-12
2025-06-12 09:17:07.858471,1295.0,1,1290.0,441,1295.0,32,1,2454,2025-06-12
2025-06-12 09:17:22.064339,1295.0,1,1290.0,445,1295.0,32,1,2454,2025-06-12
2025-06-12 09:17:33.359708,1295.0,1,1290.0,447,1295.0,32,1,2454,2025-06-12
2025-06-12 09:17:33.725275,1290.0,4,1290.0,443,1295.0,32,2,2454,2025-06-12
2025-06-12 09:17:33.758107,1290.0,4,1290.0,439,1295.0,32,2,2454,2025-06-12
2025-06-12 09:17:34.489532,1295.0,1,1290.0,439,1295.0,31,1,2454,2025-06-12
2025-06-12 09:17:37.738190,1295.0,1,1290.0,439,1295.0,30,1,2454,2025-06-12
2025-06-12 09:17:43.402313,1295.0,1,1290.0,440,1295.0,29,1,2454,2025-06-12
2025-06-12 09:17:44.864265,1295.0,1,1290.0,440,1295.0,28,1,2454,2025-06-12
2025-06-12 09:18:00.491899,1290.0,1,1290.0,443,1295.0,37,2,2454,2025-06-12
2025-06-12 09:18:04.732752,1290.0,4,1290.0,438,1295.0,37,2,2454,2025-06-12
2025-06-12 09:18:04.789240,1290.0,4,1290.0,434,1295.0,37,2,2454,2025-06-12
2025-06-12 09:18:15.032024,1295.0,1,1290.0,434,1295.0,40,1,2454,2025-06-12
2025-06-12 09:18:15.747585,1295.0,1,1290.0,434,1295.0,39,1,2454,2025-06-12
2025-06-12 09:18:27.484942,1295.0,5,1290.0,434,1295.0,33,1,2454,2025-06-12
2025-06-12 09:18:28.014726,1295.0,1,1290.0,434,1295.0,32,1,2454,2025-06-12
2025-06-12 09:18:29.128921,1295.0,1,1290.0,434,1295.0,32,1,2454,2025-06-12
2025-06-12 09:18:35.788402,1290.0,4,1290.0,433,1295.0,32,2,2454,2025-06-12
2025-06-12 09:18:35.844141,1290.0,4,1290.0,429,1295.0,32,2,2454,2025-06-12
2025-06-12 09:19:00.587043,1290.0,1,1290.0,424,1295.0,41,2,2454,2025-06-12
2025-06-12 09:19:06.756406,1290.0,4,1290.0,421,1295.0,42,2,2454,2025-06-12
2025-06-12 09:19:06.904287,1290.0,4,1290.0,417,1295.0,42,2,2454,2025-06-12
2025-06-12 09:19:13.448495,1290.0,50,1290.0,382,1295.0,42,2,2454,2025-06-12
2025-06-12 09:19:13.484407,1290.0,1,1290.0,381,1295.0,46,2,2454,2025-06-12
2025-06-12 09:19:29.722533,1290.0,1,1290.0,377,1295.0,142,2,2454,2025-06-12
2025-06-12 09:19:37.910082,1290.0,4,1290.0,362,1295.0,146,2,2454,2025-06-12
2025-06-12 09:19:37.954780,1290.0,4,1290.0,358,1295.0,146,2,2454,2025-06-12
2025-06-12 09:19:37.976940,1290.0,9,1290.0,349,1295.0,146,2,2454,2025-06-12
2025-06-12 09:19:37.977015,1290.0,9,1290.0,340,1295.0,146,2,2454,2025-06-12
2025-06-12 09:19:37.999226,1290.0,25,1290.0,315,1295.0,146,2,2454,2025-06-12
2025-06-12 09:19:45.009625,1295.0,4,1290.0,298,1295.0,155,1,2454,2025-06-12
2025-06-12 09:19:46.853071,1295.0,1,1290.0,297,1295.0,128,1,2454,2025-06-12
2025-06-12 09:20:00.813284,1290.0,1,1290.0,292,1295.0,135,2,2454,2025-06-12
2025-06-12 09:20:07.962911,1290.0,4,1290.0,289,1295.0,135,2,2454,2025-06-12
2025-06-12 09:20:08.003855,1290.0,4,1290.0,285,1295.0,156,2,2454,2025-06-12
2025-06-12 09:20:12.355100,1290.0,1,1290.0,285,1295.0,161,2,2454,2025-06-12
2025-06-12 09:20:14.980252,1295.0,1,1290.0,285,1295.0,160,1,2454,2025-06-12
2025-06-12 09:20:22.154717,1290.0,1,1290.0,285,1295.0,123,2,2454,2025-06-12
2025-06-12 09:20:28.116268,1295.0,1,1290.0,285,1295.0,122,1,2454,2025-06-12
2025-06-12 09:20:36.456247,1290.0,1,1290.0,296,1295.0,122,2,2454,2025-06-12
2025-06-12 09:20:38.922146,1290.0,4,1290.0,295,1295.0,126,2,2454,2025-06-12
2025-06-12 09:20:39.057953,1290.0,4,1290.0,291,1295.0,126,2,2454,2025-06-12
2025-06-12 09:20:46.184600,1295.0,1,1290.0,292,1295.0,125,1,2454,2025-06-12
2025-06-12 09:20:51.175499,1295.0,100,1290.0,293,1295.0,25,1,2454,2025-06-12
2025-06-12 09:20:51.197587,1295.0,2,1290.0,293,1295.0,23,1,2454,2025-06-12
2025-06-12 09:20:52.432576,1290.0,1,1290.0,293,1295.0,22,2,2454,2025-06-12
2025-06-12 09:20:53.944527,1290.0,2,1290.0,291,1295.0,22,2,2454,2025-06-12
2025-06-12 09:20:56.288193,1295.0,11,1290.0,330,1295.0,11,1,2454,2025-06-12
2025-06-12 09:21:03.582947,1295.0,1,1290.0,371,1295.0,42,1,2454,2025-06-12
2025-06-12 09:21:08.639658,1295.0,1,1290.0,377,1295.0,37,1,2454,2025-06-12
2025-06-12 09:21:09.426226,1295.0,5,1290.0,379,1295.0,32,1,2454,2025-06-12
2025-06-12 09:21:10.087950,1290.0,4,1290.0,375,1295.0,32,2,2454,2025-06-12
2025-06-12 09:21:10.115313,1290.0,4,1290.0,371,1295.0,32,2,2454,2025-06-12
2025-06-12 09:21:13.701642,1290.0,1,1290.0,370,1295.0,33,2,2454,2025-06-12
2025-06-12 09:21:16.434705,1295.0,2,1290.0,398,1295.0,32,1,2454,2025-06-12
2025-06-12 09:21:19.797249,1295.0,2,1290.0,401,1295.0,32,1,2454,2025-06-12
2025-06-12 09:21:20.685916,1295.0,1,1290.0,401,1295.0,31,1,2454,2025-06-12
2025-06-12 09:21:24.467266,1295.0,1,1290.0,404,1295.0,30,1,2454,2025-06-12
2025-06-12 09:21:35.679106,1295.0,5,1290.0,408,1295.0,29,1,2454,2025-06-12
2025-06-12 09:21:38.016507,1295.0,1,1290.0,407,1295.0,23,1,2454,2025-06-12
2025-06-12 09:21:39.165311,1295.0,1,1290.0,407,1295.0,22,1,2454,2025-06-12
2025-06-12 09:21:40.959140,1290.0,4,1290.0,404,1295.0,22,2,2454,2025-06-12
2025-06-12 09:21:41.047517,1290.0,4,1290.0,400,1295.0,22,2,2454,2025-06-12
2025-06-12 09:21:43.416403,1295.0,2,1290.0,416,1295.0,20,1,2454,2025-06-12
2025-06-12 09:21:50.559726,1290.0,1,1290.0,426,1295.0,21,2,2454,2025-06-12
2025-06-12 09:21:53.921260,1295.0,2,1290.0,433,1295.0,20,1,2454,2025-06-12
2025-06-12 09:21:55.304857,1295.0,1,1290.0,433,1295.0,19,1,2454,2025-06-12
2025-06-12 09:21:57.925162,1295.0,1,1290.0,438,1295.0,18,1,2454,2025-06-12
2025-06-12 09:22:00.265276,1295.0,1,1290.0,437,1295.0,17,1,2454,2025-06-12
2025-06-12 09:22:02.176346,1295.0,1,1290.0,437,1295.0,15,1,2454,2025-06-12
2025-06-12 09:22:02.907633,1295.0,1,1290.0,438,1295.0,14,1,2454,2025-06-12
2025-06-12 09:22:02.933651,1295.0,14,1290.0,438,1300.0,268,1,2454,2025-06-12
2025-06-12 09:22:03.000717,1295.0,6,1295.0,11,1300.0,242,2,2454,2025-06-12
2025-06-12 09:22:03.001177,1295.0,2,1295.0,9,1300.0,242,2,2454,2025-06-12
2025-06-12 09:22:03.021239,1295.0,2,1295.0,7,1300.0,241,2,2454,2025-06-12
2025-06-12 09:22:03.021316,1295.0,7,1290.0,463,1300.0,241,2,2454,2025-06-12
2025-06-12 09:22:03.054179,1295.0,3,1290.0,437,1300.0,268,2,2454,2025-06-12
2025-06-12 09:22:03.123429,1295.0,1,1295.0,3,1300.0,268,1,2454,2025-06-12
2025-06-12 09:22:03.156440,1295.0,3,1290.0,435,1300.0,264,2,2454,2025-06-12
2025-06-12 09:22:03.446967,1295.0,1,1290.0,435,1300.0,267,2,2454,2025-06-12
2025-06-12 09:22:05.115511,1295.0,5,1290.0,433,1300.0,277,2,2454,2025-06-12
2025-06-12 09:22:05.319418,1295.0,1,1290.0,431,1300.0,283,2,2454,2025-06-12
2025-06-12 09:22:11.815714,1295.0,1,1290.0,437,1300.0,278,2,2454,2025-06-12
2025-06-12 09:22:12.008913,1290.0,4,1290.0,428,1300.0,277,2,2454,2025-06-12
2025-06-12 09:22:12.218412,1290.0,4,1290.0,424,1300.0,278,2,2454,2025-06-12
2025-06-12 09:22:23.814931,1290.0,1,1290.0,431,1300.0,297,2,2454,2025-06-12
2025-06-12 09:22:26.612985,1290.0,1,1290.0,432,1300.0,297,2,2454,2025-06-12
2025-06-12 09:22:27.571711,1295.0,1,1290.0,432,1300.0,297,2,2454,2025-06-12
2025-06-12 09:22:27.607045,1295.0,1,1290.0,432,1300.0,296,2,2454,2025-06-12
2025-06-12 09:22:38.725294,1295.0,1,1290.0,439,1295.0,3,1,2454,2025-06-12
2025-06-12 09:22:41.374536,1295.0,1,1290.0,437,1295.0,5,1,2454,2025-06-12
2025-06-12 09:22:42.062914,1295.0,2,1290.0,437,1295.0,3,1,2454,2025-06-12
2025-06-12 09:22:43.082842,1290.0,4,1290.0,434,1300.0,294,2,2454,2025-06-12
2025-06-12 09:22:43.159041,1290.0,4,1290.0,430,1300.0,295,2,2454,2025-06-12
2025-06-12 09:22:45.191119,1295.0,1,1290.0,431,1300.0,307,2,2454,2025-06-12
2025-06-12 09:22:50.988647,1295.0,1,1290.0,430,1300.0,306,2,2454,2025-06-12
2025-06-12 09:22:55.171705,1295.0,1,1290.0,434,1300.0,319,2,2454,2025-06-12
2025-06-12 09:22:58.752820,1295.0,1,1290.0,435,1300.0,319,2,2454,2025-06-12
2025-06-12 09:23:03.458971,1290.0,1,1290.0,415,1300.0,319,2,2454,2025-06-12
2025-06-12 09:23:05.830734,1295.0,1,1290.0,439,1300.0,320,2,2454,2025-06-12
2025-06-12 09:23:10.640943,1290.0,1,1290.0,448,1300.0,318,2,2454,2025-06-12
2025-06-12 09:23:14.119357,1290.0,4,1290.0,577,1300.0,318,2,2454,2025-06-12
2025-06-12 09:23:14.136201,1290.0,4,1290.0,573,1300.0,318,2,2454,2025-06-12
2025-06-12 09:23:18.802952,1295.0,1,1290.0,571,1300.0,320,2,2454,2025-06-12
2025-06-12 09:23:24.023755,1295.0,1,1290.0,572,1300.0,318,2,2454,2025-06-12
2025-06-12 09:23:39.667261,1295.0,1,1290.0,584,1300.0,318,2,2454,2025-06-12
2025-06-12 09:23:40.719020,1290.0,1,1290.0,584,1300.0,318,2,2454,2025-06-12
2025-06-12 09:23:45.078549,1290.0,4,1290.0,582,1300.0,319,2,2454,2025-06-12
2025-06-12 09:23:45.192940,1290.0,4,1290.0,578,1300.0,319,2,2454,2025-06-12
2025-06-12 09:23:48.260690,1295.0,5,1290.0,560,1300.0,319,2,2454,2025-06-12
2025-06-12 09:23:52.297997,1295.0,1,1290.0,564,1300.0,318,2,2454,2025-06-12
2025-06-12 09:23:54.062561,1295.0,1,1290.0,564,1300.0,318,2,2454,2025-06-12
2025-06-12 09:23:57.192769,1290.0,1,1290.0,562,1300.0,319,2,2454,2025-06-12
2025-06-12 09:24:00.085106,1290.0,3,1290.0,559,1300.0,321,2,2454,2025-06-12
2025-06-12 09:24:01.086272,1295.0,1,1290.0,560,1300.0,321,2,2454,2025-06-12
2025-06-12 09:24:03.373919,1295.0,1,1290.0,559,1300.0,321,2,2454,2025-06-12
2025-06-12 09:24:16.137707,1290.0,4,1290.0,551,1300.0,325,2,2454,2025-06-12
2025-06-12 09:24:16.255444,1290.0,4,1290.0,547,1300.0,327,2,2454,2025-06-12
2025-06-12 09:24:17.777315,1290.0,1,1290.0,546,1300.0,329,2,2454,2025-06-12
2025-06-12 09:24:19.520078,1295.0,1,1295.0,2,1300.0,329,2,2454,2025-06-12
2025-06-12 09:24:19.520145,1295.0,2,1290.0,543,1300.0,328,2,2454,2025-06-12
2025-06-12 09:24:31.918774,1295.0,2,1290.0,553,1300.0,338,2,2454,2025-06-12
2025-06-12 09:24:33.656605,1295.0,1,1290.0,553,1300.0,338,2,2454,2025-06-12
2025-06-12 09:24:41.685125,1290.0,3,1290.0,551,1300.0,358,2,2454,2025-06-12
2025-06-12 09:24:47.098893,1290.0,4,1290.0,549,1295.0,13,2,2454,2025-06-12
2025-06-12 09:24:47.306878,1290.0,4,1290.0,545,1295.0,14,2,2454,2025-06-12
2025-06-12 09:24:49.124197,1295.0,1,1290.0,527,1295.0,15,1,2454,2025-06-12
2025-06-12 09:24:50.401334,1295.0,3,1290.0,524,1295.0,10,1,2454,2025-06-12
2025-06-12 09:24:52.320444,1290.0,1,1290.0,523,1295.0,19,2,2454,2025-06-12
2025-06-12 09:24:53.419659,1290.0,1,1290.0,522,1295.0,19,2,2454,2025-06-12
2025-06-12 09:24:53.483920,1295.0,1,1290.0,522,1295.0,18,1,2454,2025-06-12
2025-06-12 09:24:56.556843,1295.0,1,1290.0,522,1295.0,17,1,2454,2025-06-12
2025-06-12 09:25:13.696424,1295.0,1,1290.0,518,1295.0,20,1,2454,2025-06-12
2025-06-12 09:25:18.259871,1290.0,4,1290.0,515,1295.0,14,2,2454,2025-06-12
2025-06-12 09:25:18.364151,1290.0,4,1290.0,511,1295.0,14,2,2454,2025-06-12
2025-06-12 09:25:24.145774,1295.0,3,1290.0,508,1295.0,12,1,2454,2025-06-12
2025-06-12 09:25:30.694151,1290.0,1,1290.0,508,1295.0,15,2,2454,2025-06-12
2025-06-12 09:25:35.069686,1295.0,1,1290.0,496,1295.0,15,1,2454,2025-06-12
2025-06-12 09:25:43.333525,1295.0,1,1290.0,498,1295.0,31,1,2454,2025-06-12
2025-06-12 09:25:46.043913,1295.0,1,1290.0,490,1295.0,32,1,2454,2025-06-12
2025-06-12 09:25:46.441042,1295.0,1,1290.0,490,1295.0,31,1,2454,2025-06-12
2025-06-12 09:25:49.310472,1290.0,4,1290.0,486,1295.0,32,2,2454,2025-06-12
2025-06-12 09:25:49.414620,1290.0,4,1290.0,482,1295.0,32,2,2454,2025-06-12
2025-06-12 09:25:51.831503,1290.0,4,1290.0,479,1295.0,32,2,2454,2025-06-12
2025-06-12 09:25:54.437138,1295.0,4,1290.0,474,1295.0,31,1,2454,2025-06-12
2025-06-12 09:26:07.542089,1290.0,1,1290.0,473,1295.0,20,2,2454,2025-06-12
2025-06-12 09:26:09.984578,1295.0,1,1290.0,473,1295.0,20,1,2454,2025-06-12
2025-06-12 09:26:20.264088,1290.0,4,1290.0,470,1295.0,24,2,2454,2025-06-12
2025-06-12 09:26:20.266500,1290.0,4,1290.0,466,1295.0,24,2,2454,2025-06-12
2025-06-12 09:26:23.378064,1295.0,1,1290.0,463,1295.0,25,1,2454,2025-06-12
2025-06-12 09:26:23.463945,1295.0,3,1290.0,463,1295.0,22,1,2454,2025-06-12
2025-06-12 09:26:29.124251,1295.0,1,1290.0,463,1295.0,21,1,2454,2025-06-12
2025-06-12 09:26:30.801418,1295.0,1,1290.0,462,1295.0,21,1,2454,2025-06-12
2025-06-12 09:26:33.212474,1290.0,2,1290.0,460,1295.0,21,2,2454,2025-06-12
2025-06-12 09:26:44.602466,1290.0,1,1290.0,462,1295.0,24,2,2454,2025-06-12
2025-06-12 09:26:45.866274,1290.0,1,1290.0,462,1295.0,24,2,2454,2025-06-12
2025-06-12 09:26:49.012661,1295.0,1,1290.0,461,1295.0,22,1,2454,2025-06-12
2025-06-12 09:26:51.319974,1290.0,4,1290.0,457,1295.0,23,2,2454,2025-06-12
2025-06-12 09:26:51.324669,1290.0,4,1290.0,453,1295.0,23,2,2454,2025-06-12
2025-06-12 09:26:53.015534,1295.0,3,1290.0,450,1295.0,19,1,2454,2025-06-12
2025-06-12 09:26:55.789074,1295.0,1,1290.0,450,1295.0,19,1,2454,2025-06-12
2025-06-12 09:27:20.632904,1290.0,1,1290.0,479,1295.0,49,2,2454,2025-06-12
2025-06-12 09:27:22.376437,1290.0,4,1290.0,475,1295.0,49,2,2454,2025-06-12
2025-06-12 09:27:22.389796,1290.0,4,1290.0,471,1295.0,49,2,2454,2025-06-12
2025-06-12 09:27:22.777453,1290.0,3,1290.0,468,1295.0,51,2,2454,2025-06-12
2025-06-12 09:27:25.028159,1295.0,4,1290.0,429,1295.0,78,1,2454,2025-06-12
2025-06-12 09:27:38.046276,1295.0,1,1290.0,410,1295.0,50,1,2454,2025-06-12
2025-06-12 09:27:42.959525,1295.0,1,1290.0,410,1295.0,53,1,2454,2025-06-12
2025-06-12 09:27:53.457605,1290.0,4,1290.0,505,1295.0,53,2,2454,2025-06-12
2025-06-12 09:27:53.628740,1290.0,4,1290.0,501,1295.0,53,2,2454,2025-06-12
2025-06-12 09:27:55.575501,1295.0,3,1290.0,499,1295.0,53,1,2454,2025-06-12
2025-06-12 09:27:56.622054,1290.0,2,1290.0,499,1295.0,53,2,2454,2025-06-12
2025-06-12 09:27:57.863218,1290.0,1,1290.0,498,1295.0,53,2,2454,2025-06-12
2025-06-12 09:28:08.982820,1290.0,2,1290.0,497,1295.0,57,2,2454,2025-06-12
2025-06-12 09:28:10.718308,1295.0,1,1290.0,498,1295.0,56,1,2454,2025-06-12
2025-06-12 09:28:24.412172,1290.0,4,1290.0,494,1295.0,58,2,2454,2025-06-12
2025-06-12 09:28:24.483632,1290.0,4,1290.0,490,1295.0,58,2,2454,2025-06-12
2025-06-12 09:28:25.925767,1295.0,3,1290.0,487,1295.0,55,1,2454,2025-06-12
2025-06-12 09:28:34.486365,1290.0,1,1290.0,487,1295.0,55,2,2454,2025-06-12
2025-06-12 09:28:43.877441,1290.0,1,1290.0,487,1295.0,57,2,2454,2025-06-12
2025-06-12 09:28:53.617780,1290.0,1,1290.0,488,1295.0,56,2,2454,2025-06-12
2025-06-12 09:28:55.477277,1290.0,4,1290.0,484,1295.0,56,2,2454,2025-06-12
2025-06-12 09:28:55.543760,1290.0,4,1290.0,480,1295.0,56,2,2454,2025-06-12
2025-06-12 09:28:57.202767,1295.0,3,1290.0,477,1295.0,52,1,2454,2025-06-12
2025-06-12 09:28:57.277278,1290.0,6,1290.0,471,1295.0,52,2,2454,2025-06-12
2025-06-12 09:28:59.709569,1295.0,2,1290.0,469,1295.0,50,1,2454,2025-06-12
2025-06-12 09:29:08.960487,1295.0,1,1290.0,470,1295.0,48,1,2454,2025-06-12
2025-06-12 09:29:11.737457,1290.0,1,1290.0,470,1295.0,48,2,2454,2025-06-12
2025-06-12 09:29:26.640645,1290.0,4,1290.0,472,1295.0,50,2,2454,2025-06-12
2025-06-12 09:29:26.800752,1290.0,4,1290.0,468,1295.0,50,2,2454,2025-06-12
2025-06-12 09:29:30.002493,1295.0,3,1290.0,465,1295.0,49,1,2454,2025-06-12
2025-06-12 09:29:47.575699,1290.0,1,1290.0,464,1295.0,50,2,2454,2025-06-12
2025-06-12 09:29:49.051291,1295.0,1,1290.0,464,1295.0,48,1,2454,2025-06-12
2025-06-12 09:29:56.018215,1295.0,1,1290.0,465,1295.0,64,1,2454,2025-06-12
2025-06-12 09:29:57.616142,1290.0,4,1290.0,461,1295.0,65,2,2454,2025-06-12
2025-06-12 09:29:57.658058,1290.0,4,1290.0,457,1295.0,65,2,2454,2025-06-12
2025-06-12 09:29:59.955686,1290.0,1,1290.0,457,1295.0,83,2,2454,2025-06-12
2025-06-12 09:30:03.679894,1295.0,4,1290.0,459,1295.0,80,1,2454,2025-06-12
2025-06-12 09:30:17.428935,1295.0,1,1290.0,453,1295.0,65,1,2454,2025-06-12
2025-06-12 09:30:24.599760,1290.0,1,1290.0,452,1295.0,66,2,2454,2025-06-12
2025-06-12 09:30:27.736344,1290.0,1,1290.0,451,1295.0,66,2,2454,2025-06-12
2025-06-12 09:30:28.782101,1290.0,4,1290.0,446,1295.0,67,2,2454,2025-06-12
2025-06-12 09:30:28.917630,1290.0,4,1290.0,442,1295.0,67,2,2454,2025-06-12
2025-06-12 09:30:30.196605,1290.0,3,1290.0,439,1295.0,66,2,2454,2025-06-12
2025-06-12 09:30:34.190356,1295.0,4,1290.0,439,1295.0,62,1,2454,2025-06-12
2025-06-12 09:30:37.182524,1290.0,1,1290.0,449,1295.0,62,2,2454,2025-06-12
2025-06-12 09:30:45.431513,1290.0,1,1290.0,445,1295.0,64,2,2454,2025-06-12
2025-06-12 09:30:59.745994,1290.0,4,1290.0,447,1295.0,69,2,2454,2025-06-12
2025-06-12 09:30:59.772468,1290.0,4,1290.0,443,1295.0,69,2,2454,2025-06-12
2025-06-12 09:31:01.355219,1290.0,2,1290.0,442,1295.0,75,2,2454,2025-06-12
2025-06-12 09:31:01.820836,1290.0,1,1290.0,461,1295.0,73,2,2454,2025-06-12
2025-06-12 09:31:02.947753,1290.0,3,1290.0,454,1295.0,70,2,2454,2025-06-12
2025-06-12 09:31:04.196535,1295.0,5,1290.0,454,1295.0,65,1,2454,2025-06-12
2025-06-12 09:31:30.714238,1290.0,4,1290.0,458,1295.0,66,2,2454,2025-06-12
2025-06-12 09:31:30.824904,1290.0,4,1290.0,454,1295.0,66,2,2454,2025-06-12
2025-06-12 09:31:37.451575,1290.0,1,1290.0,453,1295.0,68,2,2454,2025-06-12
2025-06-12 09:32:01.777825,1290.0,4,1290.0,454,1295.0,69,2,2454,2025-06-12
2025-06-12 09:32:01.881056,1290.0,4,1290.0,450,1295.0,69,2,2454,2025-06-12
2025-06-12 09:32:05.003125,1295.0,5,1290.0,447,1295.0,71,1,2454,2025-06-12
2025-06-12 09:32:07.327470,1295.0,1,1290.0,448,1295.0,66,1,2454,2025-06-12
2025-06-12 09:32:07.609633,1290.0,1,1290.0,447,1295.0,66,2,2454,2025-06-12
2025-06-12 09:32:12.762810,1290.0,1,1290.0,446,1295.0,66,2,2454,2025-06-12
2025-06-12 09:32:14.481213,1290.0,1,1290.0,445,1295.0,68,2,2454,2025-06-12
2025-06-12 09:32:32.848607,1290.0,4,1290.0,444,1295.0,80,2,2454,2025-06-12
2025-06-12 09:32:32.933695,1290.0,4,1290.0,440,1295.0,82,2,2454,2025-06-12
2025-06-12 09:32:36.059832,1295.0,4,1290.0,434,1295.0,89,1,2454,2025-06-12
2025-06-12 09:32:51.704395,1290.0,1,1290.0,435,1295.0,109,2,2454,2025-06-12
2025-06-12 09:33:00.907519,1295.0,2,1290.0,436,1295.0,112,1,2454,2025-06-12
2025-06-12 09:33:02.900642,1290.0,4,1290.0,434,1295.0,106,2,2454,2025-06-12
2025-06-12 09:33:02.994166,1290.0,4,1290.0,430,1295.0,107,2,2454,2025-06-12
2025-06-12 09:33:18.663577,1290.0,1,1290.0,427,1295.0,129,2,2454,2025-06-12
2025-06-12 09:33:21.813137,1295.0,4,1290.0,423,1295.0,127,1,2454,2025-06-12
2025-06-12 09:33:28.301118,1295.0,1,1290.0,425,1295.0,130,1,2454,2025-06-12
2025-06-12 09:33:28.921198,1290.0,1,1290.0,424,1295.0,130,2,2454,2025-06-12
2025-06-12 09:33:34.050209,1290.0,4,1290.0,419,1295.0,132,2,2454,2025-06-12
2025-06-12 09:33:34.061453,1290.0,4,1290.0,415,1295.0,132,2,2454,2025-06-12
2025-06-12 09:33:34.985770,1290.0,1,1290.0,415,1295.0,131,2,2454,2025-06-12
2025-06-12 09:33:36.566780,1295.0,1,1290.0,415,1295.0,130,1,2454,2025-06-12
2025-06-12 09:33:36.964834,1295.0,1,1290.0,415,1295.0,129,1,2454,2025-06-12
2025-06-12 09:33:37.955608,1295.0,4,1290.0,411,1295.0,127,1,2454,2025-06-12
2025-06-12 09:33:38.889662,1295.0,2,1290.0,413,1295.0,124,1,2454,2025-06-12
2025-06-12 09:33:44.072250,1295.0,1,1290.0,415,1295.0,125,1,2454,2025-06-12
2025-06-12 09:34:00.268351,1290.0,1,1290.0,402,1295.0,128,2,2454,2025-06-12
2025-06-12 09:34:00.950891,1290.0,1,1290.0,401,1295.0,127,2,2454,2025-06-12
2025-06-12 09:34:04.550884,1290.0,1,1290.0,400,1295.0,127,2,2454,2025-06-12
2025-06-12 09:34:05.022393,1290.0,4,1290.0,397,1295.0,128,2,2454,2025-06-12
2025-06-12 09:34:05.109654,1290.0,4,1290.0,393,1295.0,130,2,2454,2025-06-12
2025-06-12 09:34:09.240678,1295.0,4,1290.0,388,1295.0,127,1,2454,2025-06-12
2025-06-12 09:34:12.422317,1295.0,1,1290.0,387,1295.0,127,1,2454,2025-06-12
2025-06-12 09:34:21.023107,1295.0,1,1290.0,393,1295.0,128,1,2454,2025-06-12
2025-06-12 09:34:28.020069,1290.0,1,1290.0,398,1295.0,127,2,2454,2025-06-12
2025-06-12 09:34:33.013857,1290.0,4,1290.0,399,1295.0,152,2,2454,2025-06-12
2025-06-12 09:34:36.082769,1290.0,4,1290.0,393,1295.0,158,2,2454,2025-06-12
2025-06-12 09:34:36.159166,1290.0,4,1290.0,387,1295.0,158,2,2454,2025-06-12
2025-06-12 09:34:36.250273,1290.0,1,1290.0,386,1295.0,160,2,2454,2025-06-12
2025-06-12 09:34:36.362865,1290.0,1,1290.0,385,1295.0,160,2,2454,2025-06-12
2025-06-12 09:34:37.798762,1295.0,5,1290.0,384,1295.0,155,1,2454,2025-06-12
2025-06-12 09:34:38.734797,1290.0,1,1290.0,383,1295.0,155,2,2454,2025-06-12
2025-06-12 09:34:41.570810,1290.0,1,1290.0,386,1295.0,156,2,2454,2025-06-12
2025-06-12 09:35:03.653262,1290.0,6,1290.0,374,1295.0,168,2,2454,2025-06-12
2025-06-12 09:35:07.016056,1290.0,4,1290.0,360,1295.0,173,2,2454,2025-06-12
2025-06-12 09:35:07.047389,1290.0,4,1290.0,356,1295.0,173,2,2454,2025-06-12
2025-06-12 09:35:07.163747,1290.0,2,1290.0,356,1295.0,172,2,2454,2025-06-12
2025-06-12 09:35:09.849587,1295.0,6,1290.0,347,1295.0,168,1,2454,2025-06-12
2025-06-12 09:35:12.307842,1295.0,1,1290.0,350,1295.0,168,1,2454,2025-06-12
2025-06-12 09:35:18.396196,1290.0,1,1290.0,352,1295.0,168,2,2454,2025-06-12
2025-06-12 09:35:18.769049,1295.0,1,1290.0,353,1295.0,168,1,2454,2025-06-12
2025-06-12 09:35:38.065663,1290.0,4,1290.0,352,1295.0,178,2,2454,2025-06-12
2025-06-12 09:35:38.101436,1290.0,4,1290.0,348,1295.0,178,2,2454,2025-06-12
2025-06-12 09:35:39.226665,1290.0,2,1290.0,347,1295.0,177,2,2454,2025-06-12
2025-06-12 09:35:55.626024,1290.0,1,1290.0,350,1295.0,179,2,2454,2025-06-12
2025-06-12 09:35:55.788023,1290.0,7,1290.0,343,1295.0,179,2,2454,2025-06-12
2025-06-12 09:35:57.616465,1290.0,2,1290.0,341,1295.0,178,2,2454,2025-06-12
2025-06-12 09:35:57.792733,1290.0,1,1290.0,340,1295.0,178,2,2454,2025-06-12
2025-06-12 09:35:59.312099,1295.0,7,1290.0,333,1295.0,171,1,2454,2025-06-12
2025-06-12 09:36:00.393873,1290.0,1,1290.0,332,1295.0,173,2,2454,2025-06-12
2025-06-12 09:36:09.157991,1290.0,4,1290.0,328,1295.0,174,2,2454,2025-06-12
2025-06-12 09:36:09.319111,1290.0,4,1290.0,325,1295.0,174,2,2454,2025-06-12
2025-06-12 09:36:10.519408,1290.0,2,1290.0,323,1295.0,182,2,2454,2025-06-12
2025-06-12 09:36:18.447081,1290.0,1,1290.0,324,1295.0,172,2,2454,2025-06-12
2025-06-12 09:36:31.678538,1290.0,1,1290.0,350,1295.0,176,2,2454,2025-06-12
2025-06-12 09:36:33.095323,1290.0,1,1290.0,350,1295.0,175,2,2454,2025-06-12
2025-06-12 09:36:38.411535,1290.0,1,1290.0,349,1295.0,175,2,2454,2025-06-12
2025-06-12 09:36:40.174403,1290.0,4,1290.0,346,1295.0,175,2,2454,2025-06-12
2025-06-12 09:36:40.214489,1290.0,4,1290.0,342,1295.0,175,2,2454,2025-06-12
2025-06-12 09:36:41.030122,1290.0,1,1290.0,341,1295.0,175,2,2454,2025-06-12
2025-06-12 09:36:41.894990,1290.0,1,1290.0,340,1295.0,175,2,2454,2025-06-12
2025-06-12 09:36:42.021596,1290.0,1,1290.0,339,1295.0,175,2,2454,2025-06-12
2025-06-12 09:37:08.714620,1290.0,1,1290.0,342,1295.0,176,2,2454,2025-06-12
2025-06-12 09:37:09.701872,1295.0,1,1290.0,341,1295.0,175,1,2454,2025-06-12
2025-06-12 09:37:10.527176,1295.0,1,1290.0,342,1295.0,174,1,2454,2025-06-12
2025-06-12 09:37:11.162301,1290.0,4,1290.0,338,1295.0,174,2,2454,2025-06-12
2025-06-12 09:37:11.233310,1290.0,4,1290.0,336,1295.0,174,2,2454,2025-06-12
2025-06-12 09:37:27.512977,1290.0,1,1290.0,338,1295.0,176,2,2454,2025-06-12
2025-06-12 09:37:30.860813,1290.0,1,1290.0,339,1295.0,176,2,2454,2025-06-12
2025-06-12 09:37:42.232854,1290.0,4,1290.0,336,1295.0,178,2,2454,2025-06-12
2025-06-12 09:37:42.293856,1290.0,4,1290.0,332,1295.0,178,2,2454,2025-06-12
2025-06-12 09:37:45.555419,1290.0,1,1290.0,332,1295.0,178,2,2454,2025-06-12
2025-06-12 09:37:45.713754,1290.0,4,1290.0,328,1295.0,178,2,2454,2025-06-12
2025-06-12 09:38:13.292973,1290.0,4,1290.0,440,1295.0,164,2,2454,2025-06-12
2025-06-12 09:38:13.348391,1290.0,4,1290.0,436,1295.0,164,2,2454,2025-06-12
2025-06-12 09:38:22.580935,1290.0,1,1290.0,437,1295.0,166,2,2454,2025-06-12
2025-06-12 09:38:44.253415,1290.0,4,1290.0,438,1295.0,170,2,2454,2025-06-12
2025-06-12 09:38:44.408104,1290.0,4,1290.0,434,1295.0,170,2,2454,2025-06-12
2025-06-12 09:38:58.400468,1290.0,1,1290.0,434,1295.0,174,2,2454,2025-06-12
2025-06-12 09:39:06.233510,1290.0,1,1290.0,437,1295.0,176,2,2454,2025-06-12
2025-06-12 09:39:10.301808,1290.0,3,1290.0,433,1295.0,177,2,2454,2025-06-12
2025-06-12 09:39:12.509522,1290.0,1,1290.0,431,1295.0,179,2,2454,2025-06-12
2025-06-12 09:39:15.329845,1290.0,4,1290.0,427,1295.0,179,2,2454,2025-06-12
2025-06-12 09:39:15.465597,1290.0,4,1290.0,423,1295.0,181,2,2454,2025-06-12
2025-06-12 09:39:15.495030,1290.0,1,1290.0,422,1295.0,181,2,2454,2025-06-12
2025-06-12 09:39:33.157434,1290.0,2,1290.0,405,1295.0,182,2,2454,2025-06-12
2025-06-12 09:39:33.341331,1290.0,1,1290.0,404,1295.0,182,2,2454,2025-06-12
2025-06-12 09:39:35.433612,1290.0,1,1290.0,403,1295.0,182,2,2454,2025-06-12
2025-06-12 09:39:45.091428,1290.0,1,1290.0,403,1295.0,196,2,2454,2025-06-12
2025-06-12 09:39:46.389240,1290.0,4,1290.0,399,1295.0,196,2,2454,2025-06-12
2025-06-12 09:39:46.427758,1290.0,9,1290.0,390,1295.0,196,2,2454,2025-06-12
2025-06-12 09:39:46.460457,1290.0,25,1290.0,365,1295.0,196,2,2454,2025-06-12
2025-06-12 09:39:46.493132,1290.0,82,1290.0,283,1295.0,196,2,2454,2025-06-12
2025-06-12 09:39:46.515591,1290.0,2,1290.0,281,1295.0,202,2,2454,2025-06-12
2025-06-12 09:39:46.515994,1290.0,4,1290.0,277,1295.0,202,2,2454,2025-06-12
2025-06-12 09:39:46.574842,1290.0,2,1290.0,277,1295.0,225,2,2454,2025-06-12
2025-06-12 09:39:46.666436,1290.0,10,1290.0,275,1295.0,227,2,2454,2025-06-12
2025-06-12 09:39:47.079855,1290.0,10,1290.0,255,1295.0,228,2,2454,2025-06-12
2025-06-12 09:39:47.467912,1290.0,9,1290.0,246,1295.0,228,2,2454,2025-06-12
2025-06-12 09:39:47.590907,1290.0,69,1290.0,246,1295.0,228,2,2454,2025-06-12
2025-06-12 09:39:47.623554,1290.0,6,1290.0,171,1295.0,228,2,2454,2025-06-12
2025-06-12 09:39:47.623564,1290.0,6,1290.0,165,1295.0,228,2,2454,2025-06-12
2025-06-12 09:39:47.623584,1290.0,6,1290.0,159,1295.0,228,2,2454,2025-06-12
2025-06-12 09:39:47.623586,1290.0,1,1290.0,158,1295.0,228,2,2454,2025-06-12
2025-06-12 09:39:47.623587,1290.0,6,1290.0,152,1295.0,228,2,2454,2025-06-12
2025-06-12 09:39:47.623733,1290.0,1,1290.0,151,1295.0,228,2,2454,2025-06-12
2025-06-12 09:39:47.623791,1290.0,1,1290.0,150,1295.0,226,2,2454,2025-06-12
2025-06-12 09:39:47.623917,1290.0,10,1290.0,140,1295.0,226,2,2454,2025-06-12
2025-06-12 09:39:47.623968,1290.0,3,1290.0,137,1295.0,226,2,2454,2025-06-12
2025-06-12 09:39:47.625218,1290.0,2,1290.0,130,1295.0,226,2,2454,2025-06-12
2025-06-12 09:39:47.627679,1290.0,15,1290.0,115,1295.0,226,2,2454,2025-06-12
2025-06-12 09:39:47.674113,1290.0,1,1290.0,60,1295.0,226,2,2454,2025-06-12
2025-06-12 09:39:47.701609,1290.0,6,1290.0,48,1295.0,226,2,2454,2025-06-12
2025-06-12 09:39:47.803022,1290.0,3,1290.0,27,1295.0,226,2,2454,2025-06-12
2025-06-12 09:39:47.837988,1290.0,1,1290.0,20,1295.0,226,2,2454,2025-06-12
2025-06-12 09:39:47.929170,1295.0,65,1290.0,19,1295.0,161,1,2454,2025-06-12
2025-06-12 09:39:48.148121,1290.0,5,1290.0,34,1295.0,127,2,2454,2025-06-12
2025-06-12 09:39:48.436331,1290.0,5,1290.0,29,1295.0,127,2,2454,2025-06-12
2025-06-12 09:39:48.437482,1290.0,5,1290.0,24,1295.0,127,2,2454,2025-06-12
2025-06-12 09:39:49.947849,1290.0,1,1290.0,21,1295.0,128,2,2454,2025-06-12
2025-06-12 09:39:49.948707,1290.0,1,1290.0,20,1295.0,127,2,2454,2025-06-12
2025-06-12 09:39:51.178804,1290.0,2,1290.0,20,1295.0,126,2,2454,2025-06-12
2025-06-12 09:39:52.925217,1290.0,2,1290.0,16,1295.0,124,2,2454,2025-06-12
2025-06-12 09:39:54.494231,1290.0,1,1290.0,15,1295.0,124,2,2454,2025-06-12
2025-06-12 09:39:56.380242,1290.0,1,1290.0,23,1295.0,124,2,2454,2025-06-12
2025-06-12 09:40:05.909834,1295.0,1,1290.0,43,1295.0,137,1,2454,2025-06-12
2025-06-12 09:40:08.635580,1290.0,1,1290.0,43,1295.0,138,2,2454,2025-06-12
2025-06-12 09:40:12.668307,1290.0,1,1290.0,52,1295.0,276,2,2454,2025-06-12
2025-06-12 09:40:17.446697,1290.0,4,1290.0,46,1295.0,278,2,2454,2025-06-12
2025-06-12 09:40:17.477794,1290.0,10,1290.0,36,1295.0,278,2,2454,2025-06-12
2025-06-12 09:40:17.557482,1290.0,2,1290.0,34,1295.0,278,2,2454,2025-06-12
2025-06-12 09:40:17.574099,1290.0,4,1290.0,36,1295.0,278,2,2454,2025-06-12
2025-06-12 09:40:17.915296,1290.0,9,1290.0,36,1295.0,275,2,2454,2025-06-12
2025-06-12 09:40:27.838609,1290.0,4,1290.0,55,1295.0,282,2,2454,2025-06-12
2025-06-12 09:40:48.424507,1290.0,4,1290.0,55,1295.0,267,2,2454,2025-06-12
2025-06-12 09:40:48.507606,1290.0,4,1290.0,51,1295.0,267,2,2454,2025-06-12
2025-06-12 09:40:48.707068,1290.0,1,1290.0,50,1295.0,267,2,2454,2025-06-12
2025-06-12 09:40:48.969922,1290.0,1,1290.0,49,1295.0,267,2,2454,2025-06-12
2025-06-12 09:40:50.251481,1290.0,10,1290.0,41,1295.0,257,2,2454,2025-06-12
2025-06-12 09:40:55.084925,1290.0,1,1290.0,38,1295.0,257,2,2454,2025-06-12
2025-06-12 09:40:55.385209,1290.0,1,1290.0,37,1295.0,257,2,2454,2025-06-12
2025-06-12 09:41:12.804940,1290.0,6,1290.0,41,1295.0,282,2,2454,2025-06-12
2025-06-12 09:41:19.570335,1290.0,4,1290.0,42,1295.0,282,2,2454,2025-06-12
2025-06-12 09:41:19.667383,1290.0,4,1290.0,36,1295.0,282,2,2454,2025-06-12
2025-06-12 09:41:21.069286,1290.0,1,1290.0,35,1295.0,283,2,2454,2025-06-12
2025-06-12 09:41:21.475700,1290.0,1,1290.0,34,1295.0,283,2,2454,2025-06-12
2025-06-12 09:41:25.527007,1290.0,1,1290.0,38,1295.0,284,2,2454,2025-06-12
2025-06-12 09:41:28.971985,1290.0,1,1290.0,37,1295.0,284,2,2454,2025-06-12
2025-06-12 09:41:29.610800,1290.0,1,1290.0,36,1295.0,284,2,2454,2025-06-12
2025-06-12 09:41:40.460574,1290.0,1,1290.0,37,1295.0,334,2,2454,2025-06-12
2025-06-12 09:41:41.712803,1290.0,1,1290.0,36,1295.0,334,2,2454,2025-06-12
2025-06-12 09:41:46.038253,1290.0,1,1290.0,35,1295.0,335,2,2454,2025-06-12
2025-06-12 09:41:46.117592,1290.0,1,1290.0,36,1295.0,335,2,2454,2025-06-12
2025-06-12 09:41:49.718767,1290.0,1,1290.0,34,1295.0,335,2,2454,2025-06-12
2025-06-12 09:41:50.636056,1290.0,4,1290.0,30,1295.0,335,2,2454,2025-06-12
2025-06-12 09:41:50.720597,1290.0,4,1290.0,29,1295.0,335,2,2454,2025-06-12
2025-06-12 09:41:51.445360,1290.0,1,1290.0,24,1295.0,335,2,2454,2025-06-12
2025-06-12 09:42:00.399402,1290.0,1,1290.0,28,1295.0,337,2,2454,2025-06-12
2025-06-12 09:42:02.576723,1290.0,1,1290.0,28,1295.0,337,2,2454,2025-06-12
2025-06-12 09:42:12.166168,1290.0,10,1290.0,25,1295.0,343,2,2454,2025-06-12
2025-06-12 09:42:21.615566,1290.0,4,1290.0,23,1295.0,343,2,2454,2025-06-12
2025-06-12 09:42:21.774748,1290.0,4,1290.0,20,1295.0,343,2,2454,2025-06-12
2025-06-12 09:42:25.442551,1290.0,2,1290.0,16,1295.0,346,2,2454,2025-06-12
2025-06-12 09:42:25.464311,1290.0,7,1290.0,9,1295.0,346,2,2454,2025-06-12
2025-06-12 09:42:39.803978,1290.0,1,1290.0,22,1295.0,346,2,2454,2025-06-12
2025-06-12 09:42:50.724365,1290.0,1,1290.0,23,1295.0,347,2,2454,2025-06-12
2025-06-12 09:42:52.594052,1290.0,4,1290.0,19,1295.0,347,2,2454,2025-06-12
2025-06-12 09:42:52.630197,1290.0,6,1290.0,13,1295.0,347,2,2454,2025-06-12
2025-06-12 09:42:52.636070,1290.0,4,1290.0,9,1295.0,347,2,2454,2025-06-12
2025-06-12 09:43:11.160085,1295.0,1,1290.0,20,1295.0,347,1,2454,2025-06-12
2025-06-12 09:43:15.836932,1290.0,1,1290.0,21,1295.0,347,2,2454,2025-06-12
2025-06-12 09:43:15.998353,1290.0,7,1290.0,14,1295.0,337,2,2454,2025-06-12
2025-06-12 09:43:23.687679,1290.0,4,1290.0,7,1295.0,342,2,2454,2025-06-12
2025-06-12 09:43:23.753774,1290.0,4,1290.0,3,1295.0,342,2,2454,2025-06-12
2025-06-12 09:43:24.972458,1290.0,1,1290.0,5,1295.0,342,2,2454,2025-06-12
2025-06-12 09:43:46.308215,1290.0,1,1290.0,4,1295.0,345,2,2454,2025-06-12
2025-06-12 09:43:52.666891,1290.0,1,1290.0,18,1295.0,346,2,2454,2025-06-12
2025-06-12 09:43:54.713755,1290.0,4,1290.0,14,1295.0,346,2,2454,2025-06-12
2025-06-12 09:43:54.749056,1290.0,4,1290.0,10,1295.0,346,2,2454,2025-06-12
2025-06-12 09:44:21.357473,1290.0,1,1290.0,20,1295.0,371,2,2454,2025-06-12
2025-06-12 09:44:23.450165,1290.0,1,1290.0,20,1295.0,371,2,2454,2025-06-12
2025-06-12 09:44:25.784836,1290.0,4,1290.0,16,1295.0,370,2,2454,2025-06-12
2025-06-12 09:44:25.805032,1290.0,4,1290.0,12,1295.0,370,2,2454,2025-06-12
2025-06-12 09:44:29.696748,1290.0,1,1290.0,9,1295.0,370,2,2454,2025-06-12
2025-06-12 09:44:53.464059,1290.0,12,1285.0,596,1290.0,5,2,2454,2025-06-12
2025-06-12 09:44:53.500477,1290.0,1,1285.0,600,1290.0,4,1,2454,2025-06-12
2025-06-12 09:44:53.553445,1290.0,4,1285.0,603,1290.0,1,1,2454,2025-06-12
2025-06-12 09:44:56.849475,1285.0,4,1285.0,671,1295.0,372,2,2454,2025-06-12
2025-06-12 09:44:56.866290,1285.0,4,1285.0,667,1295.0,372,2,2454,2025-06-12
2025-06-12 09:44:56.948691,1285.0,3,1285.0,658,1290.0,2,2,2454,2025-06-12
2025-06-12 09:45:22.342633,1290.0,5,1285.0,608,1290.0,70,1,2454,2025-06-12
2025-06-12 09:45:26.982744,1290.0,1,1285.0,601,1290.0,76,1,2454,2025-06-12
2025-06-12 09:45:27.916207,1285.0,4,1285.0,597,1290.0,76,2,2454,2025-06-12
2025-06-12 09:45:27.922391,1285.0,4,1285.0,593,1290.0,76,2,2454,2025-06-12
2025-06-12 09:45:29.822567,1290.0,1,1285.0,593,1290.0,79,1,2454,2025-06-12
2025-06-12 09:45:38.296454,1290.0,3,1285.0,606,1290.0,80,1,2454,2025-06-12
2025-06-12 09:45:43.536054,1290.0,2,1285.0,640,1290.0,75,1,2454,2025-06-12
2025-06-12 09:45:52.742423,1290.0,1,1285.0,639,1290.0,82,1,2454,2025-06-12
2025-06-12 09:45:56.969351,1290.0,2,1285.0,640,1290.0,83,1,2454,2025-06-12
2025-06-12 09:45:58.779959,1285.0,4,1285.0,637,1290.0,83,2,2454,2025-06-12
2025-06-12 09:45:58.784575,1285.0,4,1285.0,633,1290.0,83,2,2454,2025-06-12
2025-06-12 09:46:00.918446,1290.0,1,1285.0,633,1290.0,83,1,2454,2025-06-12
2025-06-12 09:46:01.191635,1290.0,1,1285.0,633,1290.0,82,1,2454,2025-06-12
2025-06-12 09:46:27.805684,1290.0,1,1285.0,661,1290.0,106,1,2454,2025-06-12
2025-06-12 09:46:29.829378,1285.0,4,1285.0,657,1290.0,106,2,2454,2025-06-12
2025-06-12 09:46:29.857173,1285.0,4,1285.0,653,1290.0,106,2,2454,2025-06-12
2025-06-12 09:46:42.409113,1285.0,10,1285.0,634,1290.0,109,2,2454,2025-06-12
2025-06-12 09:46:42.715346,1290.0,1,1285.0,632,1290.0,110,1,2454,2025-06-12
2025-06-12 09:46:44.284332,1290.0,1,1285.0,635,1290.0,109,1,2454,2025-06-12
2025-06-12 09:46:48.368405,1285.0,5,1285.0,631,1290.0,121,2,2454,2025-06-12
2025-06-12 09:46:52.037794,1285.0,5,1285.0,624,1290.0,126,2,2454,2025-06-12
2025-06-12 09:47:00.831542,1285.0,4,1285.0,631,1290.0,140,2,2454,2025-06-12
2025-06-12 09:47:00.885689,1285.0,4,1285.0,627,1290.0,140,2,2454,2025-06-12
2025-06-12 09:47:07.039284,1285.0,1,1285.0,606,1290.0,146,2,2454,2025-06-12
2025-06-12 09:47:10.754055,1290.0,1,1285.0,605,1290.0,145,1,2454,2025-06-12
2025-06-12 09:47:31.093926,1285.0,4,1285.0,598,1290.0,154,2,2454,2025-06-12
2025-06-12 09:47:31.142861,1285.0,4,1285.0,594,1290.0,154,2,2454,2025-06-12
2025-06-12 09:47:51.450047,1285.0,1,1285.0,593,1290.0,166,2,2454,2025-06-12
2025-06-12 09:48:00.408705,1285.0,1,1285.0,593,1290.0,167,2,2454,2025-06-12
2025-06-12 09:48:00.445826,1285.0,1,1285.0,592,1290.0,167,2,2454,2025-06-12
2025-06-12 09:48:01.780652,1285.0,1,1285.0,591,1290.0,168,2,2454,2025-06-12
2025-06-12 09:48:01.960195,1285.0,4,1285.0,587,1290.0,168,2,2454,2025-06-12
2025-06-12 09:48:02.003233,1285.0,4,1285.0,583,1290.0,168,2,2454,2025-06-12
2025-06-12 09:48:21.815965,1285.0,1,1285.0,583,1290.0,167,2,2454,2025-06-12
2025-06-12 09:48:33.021361,1285.0,4,1285.0,580,1290.0,170,2,2454,2025-06-12
2025-06-12 09:48:33.054988,1285.0,4,1285.0,584,1290.0,170,2,2454,2025-06-12
2025-06-12 09:48:33.948703,1285.0,1,1285.0,575,1290.0,174,2,2454,2025-06-12
2025-06-12 09:49:03.315939,1285.0,28,1285.0,547,1290.0,175,2,2454,2025-06-12
2025-06-12 09:49:03.354337,1285.0,1,1285.0,546,1290.0,175,2,2454,2025-06-12
2025-06-12 09:49:03.458081,1290.0,37,1285.0,445,1290.0,140,1,2454,2025-06-12
2025-06-12 09:49:04.076194,1285.0,4,1285.0,509,1290.0,136,2,2454,2025-06-12
2025-06-12 09:49:04.109932,1285.0,4,1285.0,505,1290.0,136,2,2454,2025-06-12
2025-06-12 09:49:35.134099,1285.0,4,1285.0,488,1290.0,154,2,2454,2025-06-12
2025-06-12 09:49:35.162091,1285.0,4,1285.0,484,1290.0,154,2,2454,2025-06-12
2025-06-12 09:50:00.786300,1285.0,2,1285.0,489,1290.0,156,2,2454,2025-06-12
2025-06-12 09:50:06.090540,1285.0,4,1285.0,483,1290.0,156,2,2454,2025-06-12
2025-06-12 09:50:06.219136,1285.0,4,1285.0,479,1290.0,156,2,2454,2025-06-12
2025-06-12 09:50:13.460058,1285.0,2,1285.0,477,1290.0,159,2,2454,2025-06-12
2025-06-12 09:50:37.156578,1285.0,4,1285.0,480,1290.0,161,2,2454,2025-06-12
2025-06-12 09:50:37.271859,1285.0,4,1285.0,476,1290.0,161,2,2454,2025-06-12
2025-06-12 09:50:37.317539,1290.0,1,1285.0,475,1290.0,160,1,2454,2025-06-12
2025-06-12 09:50:53.546279,1290.0,1,1285.0,525,1290.0,195,1,2454,2025-06-12
2025-06-12 09:50:57.914775,1285.0,1,1285.0,525,1290.0,195,2,2454,2025-06-12
2025-06-12 09:51:08.212049,1285.0,4,1285.0,522,1290.0,198,2,2454,2025-06-12
2025-06-12 09:51:08.328083,1285.0,4,1285.0,518,1290.0,198,2,2454,2025-06-12
2025-06-12 09:51:14.942052,1290.0,1,1285.0,519,1290.0,198,1,2454,2025-06-12
2025-06-12 09:51:18.432001,1285.0,1,1285.0,519,1290.0,198,2,2454,2025-06-12
2025-06-12 09:51:34.261621,1285.0,2,1285.0,522,1290.0,201,2,2454,2025-06-12
2025-06-12 09:51:39.275533,1285.0,4,1285.0,519,1290.0,201,2,2454,2025-06-12
2025-06-12 09:51:39.381340,1285.0,4,1285.0,515,1290.0,201,2,2454,2025-06-12
2025-06-12 09:51:57.406272,1285.0,1,1285.0,524,1290.0,203,2,2454,2025-06-12
2025-06-12 09:52:10.438386,1285.0,4,1285.0,583,1290.0,203,2,2454,2025-06-12
2025-06-12 09:52:10.451482,1285.0,4,1285.0,579,1290.0,203,2,2454,2025-06-12
2025-06-12 09:52:39.698099,1285.0,1,1285.0,561,1290.0,207,2,2454,2025-06-12
2025-06-12 09:52:41.499581,1285.0,4,1285.0,557,1290.0,207,2,2454,2025-06-12
2025-06-12 09:52:41.502607,1285.0,4,1285.0,553,1290.0,207,2,2454,2025-06-12
2025-06-12 09:52:54.049421,1290.0,1,1285.0,547,1290.0,208,1,2454,2025-06-12
2025-06-12 09:53:12.569502,1285.0,4,1285.0,545,1290.0,222,2,2454,2025-06-12
2025-06-12 09:53:12.761627,1285.0,4,1285.0,541,1290.0,222,2,2454,2025-06-12
2025-06-12 09:53:25.381064,1285.0,1,1285.0,545,1290.0,221,2,2454,2025-06-12
2025-06-12 09:53:43.741894,1285.0,4,1285.0,544,1290.0,223,2,2454,2025-06-12
2025-06-12 09:53:43.817205,1285.0,4,1285.0,540,1290.0,223,2,2454,2025-06-12
2025-06-12 09:53:50.438995,1290.0,1,1285.0,543,1290.0,232,1,2454,2025-06-12
2025-06-12 09:54:00.244449,1290.0,1,1285.0,544,1290.0,234,1,2454,2025-06-12
2025-06-12 09:54:00.553121,1285.0,1,1285.0,543,1290.0,234,2,2454,2025-06-12
2025-06-12 09:54:14.806921,1285.0,4,1285.0,543,1290.0,234,2,2454,2025-06-12
2025-06-12 09:54:14.878548,1285.0,4,1285.0,539,1290.0,234,2,2454,2025-06-12
2025-06-12 09:54:34.993455,1285.0,1,1285.0,542,1290.0,233,2,2454,2025-06-12
2025-06-12 09:54:45.774235,1285.0,4,1285.0,541,1290.0,250,2,2454,2025-06-12
2025-06-12 09:54:45.925517,1285.0,4,1285.0,537,1290.0,250,2,2454,2025-06-12
2025-06-12 09:54:46.347243,1285.0,1,1285.0,536,1290.0,250,2,2454,2025-06-12
2025-06-12 09:54:51.405247,1290.0,1,1285.0,537,1290.0,249,1,2454,2025-06-12
2025-06-12 09:55:16.786156,1285.0,4,1285.0,538,1290.0,249,2,2454,2025-06-12
2025-06-12 09:55:16.835570,1285.0,4,1285.0,534,1290.0,249,2,2454,2025-06-12
2025-06-12 09:55:29.951036,1285.0,1,1285.0,551,1290.0,251,2,2454,2025-06-12
2025-06-12 09:55:47.898756,1285.0,4,1285.0,547,1290.0,252,2,2454,2025-06-12
2025-06-12 09:55:48.038637,1285.0,4,1285.0,543,1290.0,252,2,2454,2025-06-12
2025-06-12 09:55:54.029320,1290.0,1,1285.0,543,1290.0,253,1,2454,2025-06-12
2025-06-12 09:56:17.957739,1285.0,4,1285.0,542,1290.0,254,2,2454,2025-06-12
2025-06-12 09:56:18.092792,1285.0,4,1285.0,538,1290.0,254,2,2454,2025-06-12
2025-06-12 09:56:36.339343,1290.0,1,1285.0,541,1290.0,255,1,2454,2025-06-12
2025-06-12 09:56:47.755402,1285.0,1,1285.0,542,1290.0,256,2,2454,2025-06-12
2025-06-12 09:56:49.027136,1285.0,4,1285.0,537,1290.0,256,2,2454,2025-06-12
2025-06-12 09:56:49.147641,1285.0,4,1285.0,533,1290.0,256,2,2454,2025-06-12
2025-06-12 09:56:55.080243,1290.0,1,1285.0,534,1290.0,255,1,2454,2025-06-12
2025-06-12 09:57:19.362302,1290.0,2,1285.0,536,1290.0,256,1,2454,2025-06-12
2025-06-12 09:57:20.087820,1285.0,4,1285.0,532,1290.0,256,2,2454,2025-06-12
2025-06-12 09:57:20.203361,1285.0,4,1285.0,528,1290.0,256,2,2454,2025-06-12
2025-06-12 09:57:20.265203,1290.0,1,1285.0,528,1290.0,255,1,2454,2025-06-12
2025-06-12 09:57:34.977974,1285.0,1,1285.0,530,1290.0,255,2,2454,2025-06-12
2025-06-12 09:57:44.213055,1290.0,1,1285.0,531,1290.0,254,1,2454,2025-06-12
2025-06-12 09:57:44.275297,1290.0,1,1285.0,531,1290.0,253,1,2454,2025-06-12
2025-06-12 09:57:51.150220,1285.0,4,1285.0,528,1290.0,254,2,2454,2025-06-12
2025-06-12 09:57:51.266941,1285.0,4,1285.0,524,1290.0,254,2,2454,2025-06-12
2025-06-12 09:57:51.328669,1290.0,1,1285.0,473,1290.0,254,1,2454,2025-06-12
2025-06-12 09:57:51.397404,1290.0,51,1285.0,397,1290.0,202,1,2454,2025-06-12
2025-06-12 09:57:51.468854,1290.0,3,1285.0,399,1290.0,199,1,2454,2025-06-12
2025-06-12 09:57:54.819473,1285.0,2,1285.0,473,1290.0,200,2,2454,2025-06-12
2025-06-12 09:57:56.423363,1290.0,1,1285.0,473,1290.0,199,1,2454,2025-06-12
2025-06-12 09:58:05.313252,1290.0,1,1285.0,505,1290.0,204,1,2454,2025-06-12
2025-06-12 09:58:05.781041,1290.0,1,1285.0,504,1290.0,203,1,2454,2025-06-12
2025-06-12 09:58:11.378938,1290.0,2,1285.0,508,1290.0,203,1,2454,2025-06-12
2025-06-12 09:58:12.741598,1290.0,3,1285.0,508,1290.0,198,1,2454,2025-06-12
2025-06-12 09:58:14.296924,1285.0,1,1285.0,513,1290.0,198,2,2454,2025-06-12
2025-06-12 09:58:21.291983,1285.0,1,1285.0,522,1290.0,197,2,2454,2025-06-12
2025-06-12 09:58:22.208373,1285.0,4,1285.0,518,1290.0,197,2,2454,2025-06-12
2025-06-12 09:58:22.323674,1285.0,4,1285.0,514,1290.0,197,2,2454,2025-06-12
2025-06-12 09:58:25.822480,1285.0,1,1285.0,535,1290.0,197,2,2454,2025-06-12
2025-06-12 09:58:28.643588,1290.0,1,1285.0,535,1290.0,196,1,2454,2025-06-12
2025-06-12 09:58:38.444516,1290.0,1,1285.0,537,1290.0,203,1,2454,2025-06-12
2025-06-12 09:58:53.164816,1285.0,4,1285.0,535,1290.0,207,2,2454,2025-06-12
2025-06-12 09:58:53.178502,1285.0,4,1285.0,531,1290.0,207,2,2454,2025-06-12
2025-06-12 09:59:03.335052,1285.0,2,1285.0,530,1290.0,211,2,2454,2025-06-12
2025-06-12 09:59:05.939831,1290.0,1,1285.0,530,1290.0,212,1,2454,2025-06-12
2025-06-12 09:59:17.015761,1290.0,9,1285.0,532,1290.0,208,1,2454,2025-06-12
2025-06-12 09:59:20.857096,1285.0,1,1285.0,531,1290.0,205,2,2454,2025-06-12
2025-06-12 09:59:22.365979,1290.0,1,1285.0,530,1290.0,204,1,2454,2025-06-12
2025-06-12 09:59:24.321593,1285.0,4,1285.0,526,1290.0,204,2,2454,2025-06-12
2025-06-12 09:59:24.432160,1285.0,4,1285.0,522,1290.0,204,2,2454,2025-06-12
2025-06-12 09:59:35.190766,1285.0,5,1285.0,520,1290.0,207,2,2454,2025-06-12
2025-06-12 09:59:55.377745,1285.0,4,1285.0,497,1290.0,227,2,2454,2025-06-12
2025-06-12 09:59:55.488321,1285.0,4,1285.0,493,1290.0,227,2,2454,2025-06-12
2025-06-12 10:00:00.311676,1285.0,1,1285.0,491,1290.0,226,2,2454,2025-06-12
2025-06-12 10:00:02.084774,1285.0,1,1285.0,492,1290.0,226,2,2454,2025-06-12
2025-06-12 10:00:12.853133,1290.0,1,1285.0,581,1290.0,226,1,2454,2025-06-12
2025-06-12 10:00:26.428974,1285.0,4,1285.0,576,1290.0,226,2,2454,2025-06-12
2025-06-12 10:00:26.540364,1285.0,4,1285.0,572,1290.0,226,2,2454,2025-06-12
2025-06-12 10:00:31.383555,1290.0,1,1285.0,573,1290.0,225,1,2454,2025-06-12
2025-06-12 10:00:52.859818,1285.0,1,1285.0,573,1290.0,223,2,2454,2025-06-12
2025-06-12 10:00:54.603730,1290.0,1,1285.0,573,1290.0,222,1,2454,2025-06-12
2025-06-12 10:00:57.401022,1285.0,4,1285.0,568,1290.0,222,2,2454,2025-06-12
2025-06-12 10:00:57.478641,1285.0,4,1285.0,564,1290.0,221,2,2454,2025-06-12
2025-06-12 10:01:00.097305,1290.0,1,1285.0,569,1290.0,219,1,2454,2025-06-12
2025-06-12 10:01:26.278483,1290.0,2,1285.0,572,1290.0,226,1,2454,2025-06-12
2025-06-12 10:01:28.533928,1285.0,4,1285.0,568,1290.0,227,2,2454,2025-06-12
2025-06-12 10:01:28.653649,1285.0,4,1285.0,564,1290.0,227,2,2454,2025-06-12
2025-06-12 10:01:35.448954,1285.0,1,1285.0,543,1290.0,227,2,2454,2025-06-12
2025-06-12 10:01:42.455879,1285.0,1,1285.0,543,1290.0,227,2,2454,2025-06-12
2025-06-12 10:01:44.645405,1290.0,1,1285.0,543,1290.0,229,1,2454,2025-06-12
2025-06-12 10:01:59.485465,1285.0,4,1285.0,541,1290.0,229,2,2454,2025-06-12
2025-06-12 10:01:59.514096,1285.0,4,1285.0,537,1290.0,229,2,2454,2025-06-12
2025-06-12 10:02:30.540799,1285.0,4,1285.0,548,1290.0,232,2,2454,2025-06-12
2025-06-12 10:02:30.570577,1285.0,4,1285.0,544,1290.0,232,2,2454,2025-06-12
2025-06-12 10:02:53.006745,1285.0,2,1285.0,545,1290.0,232,2,2454,2025-06-12
2025-06-12 10:03:01.603438,1285.0,4,1285.0,539,1290.0,232,2,2454,2025-06-12
2025-06-12 10:03:01.635716,1285.0,4,1285.0,535,1290.0,232,2,2454,2025-06-12
2025-06-12 10:03:10.833399,1290.0,1,1285.0,535,1290.0,230,1,2454,2025-06-12
2025-06-12 10:03:30.396512,1285.0,1,1285.0,534,1290.0,234,2,2454,2025-06-12
2025-06-12 10:03:32.654471,1285.0,4,1285.0,530,1290.0,235,2,2454,2025-06-12
2025-06-12 10:03:32.689461,1285.0,4,1285.0,526,1290.0,237,2,2454,2025-06-12
2025-06-12 10:03:34.992692,1285.0,1,1285.0,523,1290.0,233,2,2454,2025-06-12
2025-06-12 10:03:35.199305,1285.0,1,1285.0,522,1290.0,232,2,2454,2025-06-12
2025-06-12 10:03:40.958840,1285.0,1,1285.0,522,1290.0,233,2,2454,2025-06-12
2025-06-12 10:03:41.277078,1290.0,1,1285.0,522,1290.0,232,1,2454,2025-06-12
2025-06-12 10:03:51.102976,1285.0,1,1285.0,521,1290.0,233,2,2454,2025-06-12
2025-06-12 10:04:03.704511,1285.0,4,1285.0,516,1290.0,269,2,2454,2025-06-12
2025-06-12 10:04:03.750513,1285.0,4,1285.0,512,1290.0,269,2,2454,2025-06-12
2025-06-12 10:04:06.671300,1285.0,20,1285.0,462,1290.0,268,2,2454,2025-06-12
2025-06-12 10:04:06.844673,1290.0,54,1285.0,359,1290.0,216,1,2454,2025-06-12
2025-06-12 10:04:06.879156,1285.0,1,1285.0,314,1290.0,214,2,2454,2025-06-12
2025-06-12 10:04:13.843970,1290.0,4,1285.0,445,1290.0,179,1,2454,2025-06-12
2025-06-12 10:04:20.821651,1290.0,1,1285.0,449,1290.0,177,1,2454,2025-06-12
2025-06-12 10:04:26.626574,1290.0,1,1285.0,444,1290.0,179,1,2454,2025-06-12
2025-06-12 10:04:34.766440,1285.0,4,1285.0,443,1290.0,182,2,2454,2025-06-12
2025-06-12 10:04:34.801427,1285.0,4,1285.0,439,1290.0,182,2,2454,2025-06-12
2025-06-12 10:04:38.219527,1290.0,1,1285.0,438,1290.0,182,1,2454,2025-06-12
2025-06-12 10:04:41.214408,1290.0,1,1285.0,438,1290.0,181,1,2454,2025-06-12
2025-06-12 10:04:41.559975,1290.0,1,1285.0,438,1290.0,180,1,2454,2025-06-12
2025-06-12 10:04:44.004414,1290.0,1,1285.0,438,1290.0,177,1,2454,2025-06-12
2025-06-12 10:04:52.959152,1285.0,1,1285.0,448,1290.0,177,2,2454,2025-06-12
2025-06-12 10:05:04.985426,1290.0,1,1285.0,451,1290.0,176,1,2454,2025-06-12
2025-06-12 10:05:05.823596,1285.0,4,1285.0,447,1290.0,176,2,2454,2025-06-12
2025-06-12 10:05:06.061573,1285.0,4,1285.0,443,1290.0,176,2,2454,2025-06-12
2025-06-12 10:05:09.441153,1285.0,1,1285.0,437,1290.0,175,2,2454,2025-06-12
2025-06-12 10:05:27.149945,1285.0,3,1285.0,439,1290.0,177,2,2454,2025-06-12
2025-06-12 10:05:36.881355,1285.0,4,1285.0,430,1290.0,231,2,2454,2025-06-12
2025-06-12 10:05:36.916685,1285.0,4,1285.0,426,1290.0,231,2,2454,2025-06-12
2025-06-12 10:05:38.042954,1285.0,1,1285.0,424,1290.0,230,2,2454,2025-06-12
2025-06-12 10:05:42.643172,1290.0,1,1285.0,424,1290.0,229,1,2454,2025-06-12
2025-06-12 10:06:00.314887,1285.0,1,1285.0,395,1290.0,329,2,2454,2025-06-12
2025-06-12 10:06:06.931544,1285.0,4,1285.0,392,1290.0,331,2,2454,2025-06-12
2025-06-12 10:06:06.972550,1285.0,4,1285.0,388,1290.0,331,2,2454,2025-06-12
2025-06-12 10:06:20.245182,1290.0,1,1285.0,385,1290.0,337,1,2454,2025-06-12
2025-06-12 10:06:36.443676,1285.0,2,1285.0,397,1290.0,348,2,2454,2025-06-12
2025-06-12 10:06:37.888593,1285.0,4,1285.0,373,1290.0,349,2,2454,2025-06-12
2025-06-12 10:06:38.027935,1285.0,4,1285.0,369,1290.0,349,2,2454,2025-06-12
2025-06-12 10:06:38.055954,1285.0,9,1285.0,360,1290.0,351,2,2454,2025-06-12
2025-06-12 10:06:40.162473,1285.0,1,1285.0,359,1290.0,354,2,2454,2025-06-12
2025-06-12 10:06:40.181724,1285.0,1,1285.0,357,1290.0,354,2,2454,2025-06-12
2025-06-12 10:06:43.514499,1290.0,1,1285.0,357,1290.0,353,1,2454,2025-06-12
2025-06-12 10:06:50.813343,1290.0,1,1285.0,362,1290.0,357,1,2454,2025-06-12
2025-06-12 10:06:59.296743,1290.0,3,1285.0,362,1290.0,378,1,2454,2025-06-12
2025-06-12 10:06:59.377399,1285.0,1,1285.0,362,1290.0,378,2,2454,2025-06-12
2025-06-12 10:07:10.489177,1285.0,4,1285.0,357,1290.0,379,2,2454,2025-06-12
2025-06-12 10:07:10.570137,1285.0,4,1285.0,353,1290.0,379,2,2454,2025-06-12
2025-06-12 10:07:20.002069,1285.0,1,1285.0,353,1290.0,379,2,2454,2025-06-12
2025-06-12 10:07:40.018391,1285.0,4,1285.0,349,1290.0,380,2,2454,2025-06-12
2025-06-12 10:07:40.144941,1285.0,4,1285.0,345,1290.0,380,2,2454,2025-06-12
2025-06-12 10:07:40.225046,1285.0,1,1285.0,344,1290.0,380,2,2454,2025-06-12
2025-06-12 10:07:55.955833,1285.0,1,1285.0,343,1290.0,381,2,2454,2025-06-12
2025-06-12 10:07:58.591820,1290.0,1,1285.0,333,1290.0,380,1,2454,2025-06-12
2025-06-12 10:08:04.597598,1285.0,2,1285.0,331,1290.0,380,2,2454,2025-06-12
2025-06-12 10:08:11.168345,1285.0,4,1285.0,329,1290.0,380,2,2454,2025-06-12
2025-06-12 10:08:11.206542,1285.0,4,1285.0,325,1290.0,380,2,2454,2025-06-12
2025-06-12 10:08:20.897425,1285.0,1,1285.0,326,1290.0,381,2,2454,2025-06-12
2025-06-12 10:08:22.472996,1285.0,15,1285.0,311,1290.0,381,2,2454,2025-06-12
2025-06-12 10:08:28.087353,1290.0,1,1285.0,298,1290.0,387,1,2454,2025-06-12
2025-06-12 10:08:31.080005,1285.0,2,1285.0,295,1290.0,387,2,2454,2025-06-12
2025-06-12 10:08:37.418282,1285.0,1,1285.0,293,1290.0,389,2,2454,2025-06-12
2025-06-12 10:08:41.848618,1285.0,1,1285.0,293,1290.0,392,2,2454,2025-06-12
2025-06-12 10:08:41.867747,1285.0,1,1285.0,292,1290.0,392,2,2454,2025-06-12
2025-06-12 10:08:42.116335,1285.0,4,1285.0,288,1290.0,392,2,2454,2025-06-12
2025-06-12 10:08:42.265060,1285.0,4,1285.0,284,1290.0,392,2,2454,2025-06-12
2025-06-12 10:08:48.821920,1285.0,1,1285.0,280,1290.0,392,2,2454,2025-06-12
2025-06-12 10:08:48.889244,1285.0,3,1285.0,277,1290.0,392,2,2454,2025-06-12
2025-06-12 10:08:49.547873,1285.0,3,1285.0,274,1290.0,400,2,2454,2025-06-12
2025-06-12 10:08:58.097460,1290.0,1,1285.0,275,1290.0,399,1,2454,2025-06-12
2025-06-12 10:09:13.276316,1285.0,4,1285.0,269,1290.0,402,2,2454,2025-06-12
2025-06-12 10:09:13.328405,1285.0,4,1285.0,265,1290.0,402,2,2454,2025-06-12
2025-06-12 10:09:13.397032,1285.0,1,1285.0,264,1290.0,402,2,2454,2025-06-12
2025-06-12 10:09:13.397301,1285.0,1,1285.0,263,1290.0,402,2,2454,2025-06-12
2025-06-12 10:09:29.164214,1290.0,1,1285.0,262,1290.0,406,1,2454,2025-06-12
2025-06-12 10:09:44.140955,1285.0,4,1285.0,260,1290.0,408,2,2454,2025-06-12
2025-06-12 10:09:44.181605,1285.0,4,1285.0,256,1290.0,408,2,2454,2025-06-12
2025-06-12 10:09:54.038093,1285.0,1,1285.0,257,1290.0,410,2,2454,2025-06-12
2025-06-12 10:10:12.214166,1285.0,10,1285.0,247,1290.0,413,2,2454,2025-06-12
2025-06-12 10:10:12.284735,1285.0,1,1285.0,246,1290.0,413,2,2454,2025-06-12
2025-06-12 10:10:12.285043,1285.0,1,1285.0,245,1290.0,413,2,2454,2025-06-12
2025-06-12 10:10:13.990505,1285.0,1,1285.0,243,1290.0,410,2,2454,2025-06-12
2025-06-12 10:10:15.214236,1285.0,4,1285.0,239,1290.0,410,2,2454,2025-06-12
2025-06-12 10:10:15.239587,1285.0,4,1285.0,235,1290.0,410,2,2454,2025-06-12
2025-06-12 10:10:17.985379,1285.0,2,1285.0,234,1290.0,410,2,2454,2025-06-12
2025-06-12 10:10:20.011851,1285.0,1,1285.0,234,1290.0,409,2,2454,2025-06-12
2025-06-12 10:10:30.338835,1290.0,1,1285.0,234,1290.0,408,1,2454,2025-06-12
2025-06-12 10:10:30.417311,1285.0,1,1285.0,233,1290.0,408,2,2454,2025-06-12
2025-06-12 10:10:30.417668,1285.0,1,1285.0,232,1290.0,422,2,2454,2025-06-12
2025-06-12 10:10:32.599416,1285.0,4,1285.0,193,1290.0,423,2,2454,2025-06-12
2025-06-12 10:10:37.547689,1290.0,1,1285.0,228,1290.0,422,1,2454,2025-06-12
2025-06-12 10:10:44.502428,1285.0,1,1285.0,238,1290.0,424,2,2454,2025-06-12
2025-06-12 10:10:46.281598,1285.0,4,1285.0,234,1290.0,424,2,2454,2025-06-12
2025-06-12 10:10:46.492600,1285.0,4,1285.0,230,1290.0,424,2,2454,2025-06-12
2025-06-12 10:10:46.594059,1285.0,1,1285.0,229,1290.0,424,2,2454,2025-06-12
2025-06-12 10:10:47.388609,1290.0,1,1285.0,229,1290.0,423,1,2454,2025-06-12
2025-06-12 10:10:48.246632,1285.0,1,1285.0,228,1290.0,423,2,2454,2025-06-12
2025-06-12 10:11:00.411412,1285.0,1,1285.0,227,1290.0,427,2,2454,2025-06-12
2025-06-12 10:11:09.408541,1285.0,1,1285.0,234,1290.0,429,2,2454,2025-06-12
2025-06-12 10:11:14.217165,1285.0,2,1285.0,232,1290.0,430,2,2454,2025-06-12
2025-06-12 10:11:17.349882,1285.0,4,1285.0,233,1290.0,430,2,2454,2025-06-12
2025-06-12 10:11:17.354865,1285.0,4,1285.0,229,1290.0,430,2,2454,2025-06-12
2025-06-12 10:11:17.432209,1285.0,1,1285.0,228,1290.0,430,2,2454,2025-06-12
2025-06-12 10:11:17.432366,1285.0,1,1285.0,227,1290.0,430,2,2454,2025-06-12
2025-06-12 10:11:17.432736,1285.0,1,1285.0,227,1290.0,430,2,2454,2025-06-12
2025-06-12 10:11:27.503165,1290.0,1,1285.0,226,1290.0,431,1,2454,2025-06-12
2025-06-12 10:11:33.642464,1290.0,1,1285.0,227,1290.0,429,1,2454,2025-06-12
2025-06-12 10:11:43.971261,1285.0,1,1285.0,226,1290.0,434,2,2454,2025-06-12
2025-06-12 10:11:48.408012,1285.0,4,1285.0,222,1290.0,437,2,2454,2025-06-12
2025-06-12 10:11:48.408665,1285.0,4,1285.0,218,1290.0,437,2,2454,2025-06-12
2025-06-12 10:11:54.705537,1290.0,1,1285.0,217,1290.0,444,1,2454,2025-06-12
2025-06-12 10:11:54.785031,1285.0,1,1285.0,216,1290.0,444,2,2454,2025-06-12
2025-06-12 10:11:54.785281,1285.0,1,1285.0,215,1290.0,444,2,2454,2025-06-12
2025-06-12 10:11:58.957554,1285.0,1,1285.0,215,1290.0,443,2,2454,2025-06-12
2025-06-12 10:12:05.274276,1285.0,1,1285.0,215,1290.0,445,2,2454,2025-06-12
2025-06-12 10:12:16.694488,1285.0,7,1285.0,209,1290.0,445,2,2454,2025-06-12
2025-06-12 10:12:19.382004,1285.0,4,1285.0,205,1290.0,445,2,2454,2025-06-12
2025-06-12 10:12:19.462779,1285.0,1,1285.0,204,1290.0,445,2,2454,2025-06-12
2025-06-12 10:12:19.462940,1285.0,1,1285.0,203,1290.0,445,2,2454,2025-06-12
2025-06-12 10:12:19.467480,1285.0,4,1285.0,199,1290.0,445,2,2454,2025-06-12
2025-06-12 10:12:21.290336,1285.0,2,1285.0,197,1290.0,445,2,2454,2025-06-12
2025-06-12 10:12:26.307330,1290.0,1,1285.0,197,1290.0,444,1,2454,2025-06-12
2025-06-12 10:12:27.788125,1285.0,1,1285.0,196,1290.0,445,2,2454,2025-06-12
2025-06-12 10:12:33.139849,1285.0,1,1285.0,195,1290.0,446,2,2454,2025-06-12
2025-06-12 10:12:34.783637,1285.0,1,1285.0,198,1290.0,445,2,2454,2025-06-12
2025-06-12 10:12:37.677570,1285.0,8,1285.0,189,1290.0,445,2,2454,2025-06-12
2025-06-12 10:12:37.750078,1285.0,1,1285.0,188,1290.0,445,2,2454,2025-06-12
2025-06-12 10:12:37.750862,1285.0,1,1285.0,187,1290.0,445,2,2454,2025-06-12
2025-06-12 10:12:43.824540,1290.0,1,1285.0,187,1290.0,444,1,2454,2025-06-12
2025-06-12 10:12:50.450150,1285.0,4,1285.0,189,1290.0,447,2,2454,2025-06-12
2025-06-12 10:12:50.524077,1285.0,4,1285.0,185,1290.0,447,2,2454,2025-06-12
2025-06-12 10:13:01.288767,1285.0,1,1285.0,185,1290.0,447,2,2454,2025-06-12
2025-06-12 10:13:11.894120,1285.0,1,1285.0,210,1290.0,450,2,2454,2025-06-12
2025-06-12 10:13:21.584168,1285.0,4,1285.0,206,1290.0,451,2,2454,2025-06-12
2025-06-12 10:13:21.620454,1285.0,4,1285.0,200,1290.0,451,2,2454,2025-06-12
2025-06-12 10:13:21.654157,1285.0,1,1285.0,199,1290.0,451,2,2454,2025-06-12
2025-06-12 10:13:21.654467,1285.0,1,1285.0,199,1290.0,451,2,2454,2025-06-12
2025-06-12 10:13:22.925288,1290.0,1,1285.0,197,1290.0,450,1,2454,2025-06-12
2025-06-12 10:13:27.949053,1290.0,1,1285.0,196,1290.0,449,1,2454,2025-06-12
2025-06-12 10:13:28.868937,1285.0,1,1285.0,195,1290.0,449,2,2454,2025-06-12
2025-06-12 10:13:41.289292,1285.0,1,1285.0,197,1290.0,452,2,2454,2025-06-12
2025-06-12 10:13:52.596533,1285.0,4,1285.0,197,1290.0,451,2,2454,2025-06-12
2025-06-12 10:13:52.636482,1285.0,4,1285.0,193,1290.0,451,2,2454,2025-06-12
2025-06-12 10:13:52.701481,1285.0,1,1285.0,192,1290.0,451,2,2454,2025-06-12
2025-06-12 10:13:52.701594,1285.0,1,1285.0,191,1290.0,451,2,2454,2025-06-12
2025-06-12 10:13:55.490835,1285.0,1,1285.0,190,1290.0,450,2,2454,2025-06-12
2025-06-12 10:14:23.658427,1285.0,4,1285.0,196,1290.0,446,2,2454,2025-06-12
2025-06-12 10:14:23.694172,1285.0,4,1285.0,192,1290.0,447,2,2454,2025-06-12
2025-06-12 10:14:25.970260,1285.0,2,1285.0,190,1290.0,447,2,2454,2025-06-12
2025-06-12 10:14:30.683755,1285.0,1,1285.0,188,1290.0,447,2,2454,2025-06-12
2025-06-12 10:14:41.032426,1290.0,1,1285.0,188,1290.0,446,1,2454,2025-06-12
2025-06-12 10:14:41.093050,1285.0,1,1285.0,187,1290.0,446,2,2454,2025-06-12
2025-06-12 10:14:41.093311,1285.0,1,1285.0,186,1290.0,446,2,2454,2025-06-12
2025-06-12 10:14:41.292739,1285.0,1,1285.0,186,1290.0,446,2,2454,2025-06-12
2025-06-12 10:14:54.718969,1285.0,4,1285.0,228,1290.0,447,2,2454,2025-06-12
2025-06-12 10:14:54.954083,1285.0,4,1285.0,224,1290.0,447,2,2454,2025-06-12
2025-06-12 10:14:57.467397,1285.0,1,1285.0,223,1290.0,447,2,2454,2025-06-12
2025-06-12 10:15:01.070533,1290.0,1,1285.0,224,1290.0,446,1,2454,2025-06-12
2025-06-12 10:15:15.344366,1285.0,1,1285.0,226,1290.0,448,2,2454,2025-06-12
2025-06-12 10:15:21.291679,1285.0,1,1285.0,225,1290.0,448,2,2454,2025-06-12
2025-06-12 10:15:21.352460,1285.0,1,1285.0,224,1290.0,448,2,2454,2025-06-12
2025-06-12 10:15:21.352705,1285.0,1,1285.0,223,1290.0,448,2,2454,2025-06-12
2025-06-12 10:15:21.871941,1285.0,2,1285.0,221,1290.0,448,2,2454,2025-06-12
2025-06-12 10:15:23.004744,1285.0,1,1285.0,220,1290.0,457,2,2454,2025-06-12
2025-06-12 10:15:23.005855,1285.0,1,1285.0,219,1290.0,456,2,2454,2025-06-12
2025-06-12 10:15:25.318376,1290.0,2,1285.0,219,1290.0,454,1,2454,2025-06-12
2025-06-12 10:15:25.605352,1285.0,4,1285.0,215,1290.0,454,2,2454,2025-06-12
2025-06-12 10:15:25.687697,1285.0,4,1285.0,211,1290.0,454,2,2454,2025-06-12
2025-06-12 10:15:33.419629,1285.0,1,1285.0,216,1290.0,459,2,2454,2025-06-12
2025-06-12 10:15:42.757401,1290.0,1,1285.0,219,1290.0,460,1,2454,2025-06-12
2025-06-12 10:15:54.004758,1285.0,2,1285.0,217,1290.0,460,2,2454,2025-06-12
2025-06-12 10:15:56.552004,1285.0,4,1285.0,213,1290.0,458,2,2454,2025-06-12
2025-06-12 10:15:56.662731,1285.0,4,1285.0,209,1290.0,458,2,2454,2025-06-12
2025-06-12 10:16:00.607331,1285.0,1,1285.0,209,1290.0,458,2,2454,2025-06-12
2025-06-12 10:16:01.213466,1285.0,1,1285.0,208,1290.0,458,2,2454,2025-06-12
2025-06-12 10:16:05.851391,1285.0,1,1285.0,206,1290.0,458,2,2454,2025-06-12
2025-06-12 10:16:05.923494,1285.0,1,1285.0,205,1290.0,458,2,2454,2025-06-12
2025-06-12 10:16:05.923931,1285.0,1,1285.0,204,1290.0,458,2,2454,2025-06-12
2025-06-12 10:16:21.289690,1285.0,1,1285.0,208,1290.0,468,2,2454,2025-06-12
2025-06-12 10:16:27.620844,1285.0,4,1285.0,206,1290.0,468,2,2454,2025-06-12
2025-06-12 10:16:27.715920,1285.0,4,1285.0,202,1290.0,468,2,2454,2025-06-12
2025-06-12 10:16:40.521531,1285.0,1,1285.0,215,1290.0,469,2,2454,2025-06-12
2025-06-12 10:16:45.890229,1290.0,1,1285.0,219,1290.0,474,1,2454,2025-06-12
2025-06-12 10:16:46.073727,1285.0,2,1285.0,217,1290.0,474,2,2454,2025-06-12
2025-06-12 10:16:46.144774,1285.0,1,1285.0,216,1290.0,474,2,2454,2025-06-12
2025-06-12 10:16:46.144971,1285.0,1,1285.0,215,1290.0,474,2,2454,2025-06-12
2025-06-12 10:16:58.698534,1285.0,4,1285.0,214,1290.0,474,2,2454,2025-06-12
2025-06-12 10:16:58.776090,1285.0,4,1285.0,210,1290.0,474,2,2454,2025-06-12
2025-06-12 10:17:06.458385,1290.0,1,1285.0,212,1290.0,474,1,2454,2025-06-12
2025-06-12 10:17:11.087483,1285.0,1,1285.0,212,1290.0,472,2,2454,2025-06-12
2025-06-12 10:17:13.970244,1285.0,2,1285.0,209,1290.0,474,2,2454,2025-06-12
2025-06-12 10:17:18.497790,1285.0,1,1285.0,210,1290.0,484,2,2454,2025-06-12
2025-06-12 10:17:18.564746,1285.0,1,1285.0,209,1290.0,484,2,2454,2025-06-12
2025-06-12 10:17:21.802103,1290.0,2,1285.0,209,1290.0,482,1,2454,2025-06-12
2025-06-12 10:17:29.636753,1285.0,4,1285.0,208,1290.0,483,2,2454,2025-06-12
2025-06-12 10:17:29.667515,1285.0,4,1285.0,204,1290.0,483,2,2454,2025-06-12
2025-06-12 10:17:33.316694,1285.0,2,1285.0,209,1290.0,483,2,2454,2025-06-12
2025-06-12 10:17:41.290412,1285.0,1,1285.0,209,1290.0,482,2,2454,2025-06-12
2025-06-12 10:17:56.923618,1285.0,2,1285.0,206,1290.0,482,2,2454,2025-06-12
2025-06-12 10:17:57.001110,1285.0,2,1285.0,204,1290.0,482,2,2454,2025-06-12
2025-06-12 10:17:57.001480,1285.0,2,1285.0,202,1290.0,482,2,2454,2025-06-12
2025-06-12 10:17:58.666116,1290.0,1,1285.0,202,1290.0,481,1,2454,2025-06-12
2025-06-12 10:18:00.698541,1285.0,4,1285.0,198,1290.0,483,2,2454,2025-06-12
2025-06-12 10:18:00.729995,1285.0,4,1285.0,194,1290.0,483,2,2454,2025-06-12
2025-06-12 10:18:02.922625,1285.0,4,1285.0,190,1290.0,479,2,2454,2025-06-12
2025-06-12 10:18:08.605968,1285.0,1,1285.0,189,1290.0,483,2,2454,2025-06-12
2025-06-12 10:18:13.967058,1285.0,1,1285.0,187,1290.0,483,2,2454,2025-06-12
2025-06-12 10:18:14.349939,1285.0,1,1285.0,186,1290.0,483,2,2454,2025-06-12
2025-06-12 10:18:14.353334,1290.0,1,1285.0,186,1290.0,482,1,2454,2025-06-12
2025-06-12 10:18:21.289408,1285.0,1,1285.0,185,1290.0,482,2,2454,2025-06-12
2025-06-12 10:18:30.362411,1285.0,1,1285.0,186,1290.0,482,2,2454,2025-06-12
2025-06-12 10:18:31.686123,1285.0,3,1285.0,183,1290.0,482,2,2454,2025-06-12
2025-06-12 10:18:31.754102,1285.0,3,1285.0,180,1290.0,482,2,2454,2025-06-12
2025-06-12 10:18:41.337448,1285.0,2,1285.0,179,1290.0,481,2,2454,2025-06-12
2025-06-12 10:18:47.190144,1285.0,1,1285.0,178,1290.0,481,2,2454,2025-06-12
2025-06-12 10:18:47.268544,1285.0,2,1285.0,176,1290.0,481,2,2454,2025-06-12
2025-06-12 10:18:47.313193,1285.0,1,1285.0,175,1290.0,481,2,2454,2025-06-12
2025-06-12 10:18:51.945601,1285.0,1,1285.0,175,1290.0,482,2,2454,2025-06-12
2025-06-12 10:19:00.463388,1285.0,1,1285.0,175,1290.0,483,2,2454,2025-06-12
2025-06-12 10:19:02.647554,1285.0,3,1285.0,172,1290.0,483,2,2454,2025-06-12
2025-06-12 10:19:02.809544,1285.0,3,1285.0,169,1290.0,483,2,2454,2025-06-12
2025-06-12 10:19:02.848515,1285.0,1,1285.0,168,1290.0,483,2,2454,2025-06-12
2025-06-12 10:19:08.885567,1290.0,1,1285.0,173,1290.0,482,1,2454,2025-06-12
2025-06-12 10:19:21.300942,1285.0,1,1285.0,175,1290.0,474,2,2454,2025-06-12
2025-06-12 10:19:25.196777,1285.0,1,1285.0,175,1290.0,475,2,2454,2025-06-12
2025-06-12 10:19:25.270406,1285.0,2,1285.0,173,1290.0,475,2,2454,2025-06-12
2025-06-12 10:19:25.270638,1285.0,1,1285.0,172,1290.0,475,2,2454,2025-06-12
2025-06-12 10:19:33.798048,1285.0,3,1285.0,167,1290.0,475,2,2454,2025-06-12
2025-06-12 10:19:33.844826,1285.0,1,1285.0,166,1290.0,475,2,2454,2025-06-12
2025-06-12 10:19:33.860136,1285.0,3,1285.0,163,1290.0,475,2,2454,2025-06-12
2025-06-12 10:19:37.976949,1285.0,1,1285.0,163,1290.0,475,2,2454,2025-06-12
2025-06-12 10:19:43.351484,1290.0,1,1285.0,162,1290.0,474,1,2454,2025-06-12
2025-06-12 10:19:46.593911,1285.0,10,1285.0,152,1290.0,484,2,2454,2025-06-12
2025-06-12 10:19:46.641162,1285.0,1,1285.0,151,1290.0,484,2,2454,2025-06-12
2025-06-12 10:19:46.665787,1285.0,2,1285.0,155,1290.0,484,2,2454,2025-06-12
2025-06-12 10:19:51.788574,1285.0,2,1285.0,163,1290.0,482,2,2454,2025-06-12
2025-06-12 10:19:51.832406,1285.0,1,1285.0,162,1290.0,482,2,2454,2025-06-12
2025-06-12 10:19:58.028299,1285.0,3,1285.0,159,1290.0,483,2,2454,2025-06-12
2025-06-12 10:19:59.668345,1285.0,2,1285.0,157,1290.0,483,2,2454,2025-06-12
2025-06-12 10:20:01.293862,1285.0,1,1285.0,159,1290.0,484,2,2454,2025-06-12
2025-06-12 10:20:04.857543,1285.0,3,1285.0,158,1290.0,484,2,2454,2025-06-12
2025-06-12 10:20:04.912014,1285.0,1,1285.0,157,1290.0,484,2,2454,2025-06-12
2025-06-12 10:20:04.916142,1285.0,3,1285.0,154,1290.0,484,2,2454,2025-06-12
2025-06-12 10:20:04.927837,1285.0,2,1285.0,152,1290.0,484,2,2454,2025-06-12
2025-06-12 10:20:04.927982,1285.0,2,1285.0,150,1290.0,484,2,2454,2025-06-12
2025-06-12 10:20:10.777219,1285.0,2,1285.0,154,1290.0,486,2,2454,2025-06-12
2025-06-12 10:20:10.854869,1285.0,1,1285.0,153,1290.0,486,2,2454,2025-06-12
2025-06-12 10:20:13.927101,1290.0,1,1285.0,153,1290.0,485,1,2454,2025-06-12
2025-06-12 10:20:20.728743,1285.0,1,1285.0,152,1290.0,485,2,2454,2025-06-12
2025-06-12 10:20:34.913340,1285.0,3,1285.0,150,1290.0,479,2,2454,2025-06-12
2025-06-12 10:20:34.967182,1285.0,3,1285.0,147,1290.0,479,2,2454,2025-06-12
2025-06-12 10:20:34.988552,1285.0,2,1285.0,145,1290.0,479,2,2454,2025-06-12
2025-06-12 10:20:35.029757,1285.0,1,1285.0,144,1290.0,479,2,2454,2025-06-12
2025-06-12 10:20:41.009793,1290.0,1,1285.0,140,1290.0,481,1,2454,2025-06-12
2025-06-12 10:21:04.955486,1285.0,1,1285.0,145,1290.0,450,2,2454,2025-06-12
2025-06-12 10:21:06.029173,1285.0,3,1285.0,142,1290.0,450,2,2454,2025-06-12
2025-06-12 10:21:06.074638,1285.0,3,1285.0,139,1290.0,450,2,2454,2025-06-12
2025-06-12 10:21:06.137393,1285.0,1,1285.0,138,1290.0,450,2,2454,2025-06-12
2025-06-12 10:21:06.208977,1285.0,1,1285.0,137,1290.0,450,2,2454,2025-06-12
2025-06-12 10:21:06.209634,1285.0,1,1285.0,136,1290.0,450,2,2454,2025-06-12
2025-06-12 10:21:06.546583,1285.0,1,1285.0,135,1290.0,450,2,2454,2025-06-12
2025-06-12 10:21:14.319804,1290.0,1,1285.0,132,1290.0,449,1,2454,2025-06-12
2025-06-12 10:21:15.869598,1285.0,10,1285.0,125,1290.0,449,2,2454,2025-06-12
2025-06-12 10:21:15.918730,1285.0,1,1285.0,124,1290.0,449,2,2454,2025-06-12
2025-06-12 10:21:22.042737,1285.0,2,1285.0,127,1290.0,450,2,2454,2025-06-12
2025-06-12 10:21:35.410073,1285.0,1,1285.0,125,1290.0,450,2,2454,2025-06-12
2025-06-12 10:21:35.458612,1285.0,1,1285.0,125,1290.0,450,2,2454,2025-06-12
2025-06-12 10:21:37.014580,1285.0,3,1285.0,122,1290.0,450,2,2454,2025-06-12
2025-06-12 10:21:37.081189,1285.0,3,1285.0,117,1290.0,450,2,2454,2025-06-12
2025-06-12 10:21:37.789206,1290.0,2,1285.0,115,1290.0,448,1,2454,2025-06-12
2025-06-12 10:21:42.461601,1290.0,1,1285.0,117,1290.0,448,1,2454,2025-06-12
2025-06-12 10:21:42.514812,1285.0,1,1285.0,116,1290.0,448,2,2454,2025-06-12
2025-06-12 10:21:58.252423,1285.0,1,1285.0,117,1290.0,449,2,2454,2025-06-12
2025-06-12 10:21:58.307219,1285.0,2,1285.0,115,1290.0,447,2,2454,2025-06-12
2025-06-12 10:22:05.492330,1285.0,2,1285.0,114,1290.0,446,2,2454,2025-06-12
2025-06-12 10:22:08.079855,1285.0,3,1285.0,114,1290.0,449,2,2454,2025-06-12
2025-06-12 10:22:08.141914,1285.0,3,1285.0,111,1290.0,449,2,2454,2025-06-12
2025-06-12 10:22:08.189126,1285.0,1,1285.0,113,1290.0,449,2,2454,2025-06-12
2025-06-12 10:22:15.523144,1285.0,1,1285.0,114,1290.0,451,2,2454,2025-06-12
2025-06-12 10:22:15.586158,1285.0,1,1285.0,111,1290.0,451,2,2454,2025-06-12
2025-06-12 10:22:22.468181,1290.0,1,1285.0,111,1290.0,451,1,2454,2025-06-12
2025-06-12 10:22:28.355817,1285.0,1,1285.0,114,1290.0,456,2,2454,2025-06-12
2025-06-12 10:22:28.422704,1285.0,2,1285.0,112,1290.0,456,2,2454,2025-06-12
