ts,close,volume,bid_price,bid_volume,ask_price,ask_volume,tick_type,code,date
2025-06-18 09:00:17.206629,1265.0,154,1260.0,112,1265.0,76,2,2454,2025-06-18
2025-06-18 09:00:17.284417,1260.0,4,1260.0,114,1265.0,76,2,2454,2025-06-18
2025-06-18 09:00:17.349421,1265.0,45,1260.0,112,1265.0,62,1,2454,2025-06-18
2025-06-18 09:00:17.424509,1260.0,1,1260.0,110,1265.0,43,2,2454,2025-06-18
2025-06-18 09:00:17.446156,1260.0,7,1260.0,102,1265.0,43,2,2454,2025-06-18
2025-06-18 09:00:17.564641,1260.0,6,1260.0,136,1265.0,49,2,2454,2025-06-18
2025-06-18 09:00:17.669896,1260.0,1,1260.0,135,1265.0,46,2,2454,2025-06-18
2025-06-18 09:00:19.346367,1260.0,1,1260.0,115,1265.0,53,2,2454,2025-06-18
2025-06-18 09:00:19.346989,1260.0,2,1260.0,113,1265.0,51,2,2454,2025-06-18
2025-06-18 09:00:19.347418,1260.0,1,1260.0,112,1265.0,50,2,2454,2025-06-18
2025-06-18 09:00:19.422114,1260.0,1,1260.0,111,1265.0,49,2,2454,2025-06-18
2025-06-18 09:00:19.495855,1260.0,1,1260.0,110,1265.0,49,2,2454,2025-06-18
2025-06-18 09:00:19.591965,1260.0,3,1260.0,109,1265.0,49,2,2454,2025-06-18
2025-06-18 09:00:19.745906,1260.0,1,1260.0,111,1265.0,50,2,2454,2025-06-18
2025-06-18 09:00:24.641817,1260.0,1,1260.0,111,1265.0,60,2,2454,2025-06-18
2025-06-18 09:00:30.600400,1260.0,1,1260.0,111,1265.0,61,2,2454,2025-06-18
2025-06-18 09:00:32.340032,1265.0,13,1260.0,117,1265.0,48,1,2454,2025-06-18
2025-06-18 09:00:32.377672,1265.0,45,1260.0,129,1270.0,124,1,2454,2025-06-18
2025-06-18 09:00:32.439366,1265.0,1,1265.0,4,1270.0,136,2,2454,2025-06-18
2025-06-18 09:00:32.510841,1265.0,1,1265.0,3,1270.0,135,2,2454,2025-06-18
2025-06-18 09:00:33.067654,1270.0,2,1265.0,6,1270.0,141,1,2454,2025-06-18
2025-06-18 09:00:33.104131,1270.0,3,1265.0,6,1270.0,136,1,2454,2025-06-18
2025-06-18 09:00:33.186858,1270.0,1,1265.0,7,1270.0,135,1,2454,2025-06-18
2025-06-18 09:00:36.154497,1265.0,1,1265.0,10,1270.0,146,2,2454,2025-06-18
2025-06-18 09:00:36.664945,1265.0,2,1265.0,8,1270.0,147,2,2454,2025-06-18
2025-06-18 09:01:18.069733,1265.0,1,1265.0,23,1270.0,142,2,2454,2025-06-18
2025-06-18 09:01:25.316337,1270.0,1,1265.0,46,1270.0,143,1,2454,2025-06-18
2025-06-18 09:01:27.764255,1265.0,1,1265.0,67,1270.0,139,2,2454,2025-06-18
2025-06-18 09:01:27.908570,1270.0,1,1265.0,73,1270.0,138,1,2454,2025-06-18
2025-06-18 09:01:27.990082,1270.0,1,1265.0,75,1270.0,137,1,2454,2025-06-18
2025-06-18 09:01:51.241891,1270.0,1,1265.0,62,1270.0,142,1,2454,2025-06-18
2025-06-18 09:01:51.395720,1270.0,1,1265.0,62,1270.0,141,1,2454,2025-06-18
2025-06-18 09:01:56.939407,1265.0,3,1265.0,62,1270.0,143,2,2454,2025-06-18
2025-06-18 09:01:57.067615,1270.0,1,1265.0,61,1270.0,142,1,2454,2025-06-18
2025-06-18 09:02:01.619626,1265.0,1,1265.0,61,1270.0,142,2,2454,2025-06-18
2025-06-18 09:02:14.088496,1265.0,1,1265.0,59,1270.0,142,2,2454,2025-06-18
2025-06-18 09:02:14.520203,1270.0,1,1265.0,59,1270.0,141,1,2454,2025-06-18
2025-06-18 09:02:14.599177,1270.0,1,1265.0,59,1270.0,140,1,2454,2025-06-18
2025-06-18 09:02:17.820197,1265.0,1,1265.0,58,1270.0,140,2,2454,2025-06-18
2025-06-18 09:02:18.606388,1270.0,1,1265.0,58,1270.0,140,1,2454,2025-06-18
2025-06-18 09:02:21.088000,1265.0,1,1265.0,57,1270.0,140,2,2454,2025-06-18
2025-06-18 09:02:27.622411,1270.0,1,1265.0,79,1270.0,135,1,2454,2025-06-18
2025-06-18 09:02:27.805822,1270.0,1,1265.0,79,1270.0,134,1,2454,2025-06-18
2025-06-18 09:02:28.007438,1265.0,1,1265.0,78,1270.0,134,2,2454,2025-06-18
2025-06-18 09:02:32.341243,1270.0,1,1265.0,78,1270.0,133,1,2454,2025-06-18
2025-06-18 09:02:32.345228,1270.0,1,1265.0,78,1270.0,132,1,2454,2025-06-18
2025-06-18 09:02:32.481466,1270.0,1,1265.0,81,1270.0,131,1,2454,2025-06-18
2025-06-18 09:02:38.612172,1270.0,2,1265.0,84,1270.0,129,1,2454,2025-06-18
2025-06-18 09:02:38.762078,1270.0,1,1265.0,84,1270.0,128,1,2454,2025-06-18
2025-06-18 09:02:38.784662,1270.0,6,1265.0,84,1270.0,122,1,2454,2025-06-18
2025-06-18 09:02:38.818466,1270.0,4,1265.0,87,1270.0,118,1,2454,2025-06-18
2025-06-18 09:02:42.761217,1265.0,1,1265.0,85,1270.0,117,2,2454,2025-06-18
2025-06-18 09:02:42.915730,1270.0,4,1265.0,85,1270.0,113,1,2454,2025-06-18
2025-06-18 09:02:43.519316,1270.0,2,1265.0,85,1270.0,111,1,2454,2025-06-18
2025-06-18 09:02:45.429908,1270.0,1,1265.0,86,1270.0,110,1,2454,2025-06-18
2025-06-18 09:02:45.760108,1265.0,1,1265.0,86,1270.0,110,2,2454,2025-06-18
2025-06-18 09:02:46.857865,1270.0,12,1265.0,86,1270.0,98,1,2454,2025-06-18
2025-06-18 09:02:46.888650,1270.0,88,1265.0,89,1270.0,10,1,2454,2025-06-18
2025-06-18 09:02:46.894812,1270.0,10,1265.0,89,1275.0,159,1,2454,2025-06-18
2025-06-18 09:02:47.035978,1270.0,2,1270.0,19,1275.0,160,2,2454,2025-06-18
2025-06-18 09:02:47.040036,1270.0,2,1270.0,19,1275.0,159,2,2454,2025-06-18
2025-06-18 09:02:47.341110,1275.0,1,1270.0,20,1275.0,162,1,2454,2025-06-18
2025-06-18 09:02:47.341701,1275.0,1,1270.0,20,1275.0,161,1,2454,2025-06-18
2025-06-18 09:02:47.342230,1275.0,6,1270.0,20,1275.0,155,1,2454,2025-06-18
2025-06-18 09:02:47.343092,1275.0,1,1270.0,20,1275.0,154,1,2454,2025-06-18
2025-06-18 09:02:47.366904,1275.0,3,1270.0,20,1275.0,151,1,2454,2025-06-18
2025-06-18 09:02:48.139549,1275.0,38,1270.0,33,1275.0,114,1,2454,2025-06-18
2025-06-18 09:02:48.223823,1270.0,2,1270.0,41,1275.0,113,2,2454,2025-06-18
2025-06-18 09:02:50.405410,1275.0,18,1270.0,53,1275.0,93,1,2454,2025-06-18
2025-06-18 09:02:52.783490,1275.0,27,1270.0,55,1275.0,65,1,2454,2025-06-18
2025-06-18 09:02:52.917891,1275.0,11,1270.0,53,1275.0,50,1,2454,2025-06-18
2025-06-18 09:02:56.671939,1275.0,1,1270.0,49,1275.0,52,1,2454,2025-06-18
2025-06-18 09:02:56.826332,1275.0,1,1270.0,50,1275.0,51,1,2454,2025-06-18
2025-06-18 09:02:58.577431,1275.0,21,1270.0,50,1275.0,29,1,2454,2025-06-18
2025-06-18 09:02:59.932014,1275.0,6,1270.0,47,1275.0,24,1,2454,2025-06-18
2025-06-18 09:03:00.696449,1275.0,1,1270.0,47,1275.0,23,1,2454,2025-06-18
2025-06-18 09:03:00.987652,1275.0,1,1270.0,47,1275.0,22,1,2454,2025-06-18
2025-06-18 09:03:02.341173,1275.0,3,1270.0,49,1275.0,19,1,2454,2025-06-18
2025-06-18 09:03:02.341832,1275.0,1,1270.0,48,1275.0,18,1,2454,2025-06-18
2025-06-18 09:03:03.099234,1275.0,8,1270.0,48,1275.0,10,1,2454,2025-06-18
2025-06-18 09:03:03.392816,1275.0,4,1270.0,49,1275.0,10,1,2454,2025-06-18
2025-06-18 09:03:03.590091,1275.0,1,1270.0,51,1275.0,6,1,2454,2025-06-18
2025-06-18 09:03:03.941066,1275.0,1,1270.0,48,1275.0,7,1,2454,2025-06-18
2025-06-18 09:03:04.901486,1275.0,1,1270.0,48,1275.0,7,1,2454,2025-06-18
2025-06-18 09:03:06.814209,1275.0,1,1270.0,48,1275.0,6,1,2454,2025-06-18
2025-06-18 09:03:09.019365,1275.0,6,1270.0,48,1280.0,88,1,2454,2025-06-18
2025-06-18 09:03:09.179341,1275.0,2,1270.0,48,1275.0,6,1,2454,2025-06-18
2025-06-18 09:03:11.579977,1275.0,1,1270.0,49,1275.0,7,1,2454,2025-06-18
2025-06-18 09:03:12.045339,1275.0,1,1270.0,48,1275.0,7,1,2454,2025-06-18
2025-06-18 09:03:12.698417,1275.0,1,1270.0,48,1275.0,7,1,2454,2025-06-18
2025-06-18 09:03:13.852187,1275.0,3,1270.0,48,1275.0,4,1,2454,2025-06-18
2025-06-18 09:03:14.553869,1275.0,5,1270.0,48,1275.0,2,1,2454,2025-06-18
2025-06-18 09:03:18.268572,1275.0,5,1270.0,52,1275.0,9,1,2454,2025-06-18
2025-06-18 09:03:19.074807,1275.0,1,1270.0,52,1275.0,8,1,2454,2025-06-18
2025-06-18 09:03:22.797886,1275.0,7,1270.0,63,1275.0,2,1,2454,2025-06-18
2025-06-18 09:03:27.125709,1275.0,2,1270.0,68,1280.0,109,1,2454,2025-06-18
2025-06-18 09:03:35.392958,1275.0,5,1275.0,12,1280.0,94,2,2454,2025-06-18
2025-06-18 09:03:51.956229,1275.0,1,1275.0,12,1280.0,93,2,2454,2025-06-18
2025-06-18 09:03:52.449065,1275.0,1,1275.0,11,1280.0,93,2,2454,2025-06-18
2025-06-18 09:03:59.481437,1275.0,1,1275.0,17,1280.0,93,2,2454,2025-06-18
2025-06-18 09:04:12.038519,1275.0,1,1275.0,19,1280.0,91,2,2454,2025-06-18
2025-06-18 09:04:32.662230,1275.0,5,1275.0,23,1280.0,83,2,2454,2025-06-18
2025-06-18 09:04:40.876553,1275.0,1,1275.0,21,1280.0,83,2,2454,2025-06-18
2025-06-18 09:04:41.840656,1275.0,1,1275.0,20,1280.0,83,2,2454,2025-06-18
2025-06-18 09:04:45.472265,1275.0,2,1275.0,19,1280.0,84,2,2454,2025-06-18
2025-06-18 09:04:51.686700,1275.0,2,1275.0,18,1280.0,86,2,2454,2025-06-18
2025-06-18 09:04:51.777868,1275.0,1,1275.0,17,1280.0,86,2,2454,2025-06-18
2025-06-18 09:04:57.455095,1275.0,1,1275.0,17,1280.0,86,2,2454,2025-06-18
2025-06-18 09:05:03.793057,1275.0,1,1275.0,22,1280.0,102,2,2454,2025-06-18
2025-06-18 09:05:06.507371,1275.0,1,1275.0,21,1280.0,104,2,2454,2025-06-18
2025-06-18 09:05:25.414250,1275.0,1,1275.0,21,1280.0,107,2,2454,2025-06-18
2025-06-18 09:05:53.748605,1275.0,5,1275.0,24,1280.0,99,2,2454,2025-06-18
2025-06-18 09:05:55.214931,1275.0,1,1275.0,22,1280.0,98,2,2454,2025-06-18
2025-06-18 09:05:55.917106,1275.0,1,1275.0,21,1280.0,98,2,2454,2025-06-18
2025-06-18 09:05:56.111569,1280.0,1,1275.0,21,1280.0,97,1,2454,2025-06-18
2025-06-18 09:06:04.108225,1275.0,8,1275.0,12,1280.0,96,2,2454,2025-06-18
2025-06-18 09:06:04.693715,1275.0,1,1275.0,12,1280.0,98,2,2454,2025-06-18
2025-06-18 09:06:08.570688,1275.0,1,1275.0,14,1280.0,98,2,2454,2025-06-18
2025-06-18 09:06:31.430207,1275.0,1,1275.0,33,1280.0,108,2,2454,2025-06-18
2025-06-18 09:06:32.002201,1275.0,1,1275.0,32,1280.0,107,2,2454,2025-06-18
2025-06-18 09:06:41.089134,1275.0,12,1275.0,25,1280.0,108,2,2454,2025-06-18
2025-06-18 09:06:42.592449,1275.0,1,1275.0,27,1280.0,108,2,2454,2025-06-18
2025-06-18 09:06:42.915542,1275.0,1,1275.0,26,1280.0,108,2,2454,2025-06-18
2025-06-18 09:06:45.165485,1275.0,1,1275.0,26,1280.0,107,2,2454,2025-06-18
2025-06-18 09:06:55.636542,1280.0,9,1275.0,49,1280.0,93,1,2454,2025-06-18
2025-06-18 09:06:55.674989,1280.0,24,1275.0,49,1280.0,68,1,2454,2025-06-18
2025-06-18 09:06:55.675098,1280.0,48,1275.0,49,1280.0,19,1,2454,2025-06-18
2025-06-18 09:06:55.675509,1280.0,19,1275.0,50,1280.0,19,1,2454,2025-06-18
2025-06-18 09:06:55.703700,1285.0,1,1280.0,10,1285.0,122,1,2454,2025-06-18
2025-06-18 09:06:55.825143,1280.0,4,1280.0,9,1285.0,124,2,2454,2025-06-18
2025-06-18 09:06:55.831117,1280.0,1,1280.0,8,1285.0,124,2,2454,2025-06-18
2025-06-18 09:06:56.217655,1285.0,5,1280.0,4,1285.0,121,1,2454,2025-06-18
2025-06-18 09:06:56.313688,1285.0,1,1280.0,7,1285.0,121,1,2454,2025-06-18
2025-06-18 09:06:59.470680,1285.0,3,1280.0,32,1285.0,105,1,2454,2025-06-18
2025-06-18 09:07:01.373610,1280.0,1,1280.0,37,1285.0,96,2,2454,2025-06-18
2025-06-18 09:07:02.352790,1285.0,2,1280.0,37,1285.0,95,1,2454,2025-06-18
2025-06-18 09:07:03.181727,1285.0,1,1280.0,37,1285.0,95,1,2454,2025-06-18
2025-06-18 09:07:05.935150,1280.0,1,1280.0,41,1285.0,96,2,2454,2025-06-18
2025-06-18 09:07:14.610921,1285.0,1,1280.0,43,1285.0,98,1,2454,2025-06-18
2025-06-18 09:07:14.690461,1285.0,1,1280.0,43,1285.0,97,1,2454,2025-06-18
2025-06-18 09:07:16.827092,1285.0,1,1280.0,44,1285.0,98,1,2454,2025-06-18
2025-06-18 09:07:17.298153,1285.0,1,1280.0,45,1285.0,97,1,2454,2025-06-18
2025-06-18 09:07:18.680923,1280.0,1,1280.0,46,1285.0,96,2,2454,2025-06-18
2025-06-18 09:07:21.793600,1285.0,1,1280.0,48,1285.0,96,1,2454,2025-06-18
2025-06-18 09:07:35.300856,1280.0,1,1280.0,48,1285.0,101,2,2454,2025-06-18
2025-06-18 09:07:40.573180,1285.0,6,1280.0,57,1285.0,97,1,2454,2025-06-18
2025-06-18 09:07:40.642347,1285.0,1,1280.0,62,1285.0,92,1,2454,2025-06-18
2025-06-18 09:07:40.669259,1285.0,8,1280.0,64,1285.0,84,1,2454,2025-06-18
2025-06-18 09:07:40.669307,1285.0,1,1280.0,64,1285.0,83,1,2454,2025-06-18
2025-06-18 09:07:40.687959,1285.0,9,1280.0,64,1285.0,92,1,2454,2025-06-18
2025-06-18 09:07:41.038388,1285.0,1,1280.0,64,1285.0,74,1,2454,2025-06-18
2025-06-18 09:07:41.396517,1285.0,1,1280.0,64,1285.0,72,1,2454,2025-06-18
2025-06-18 09:07:42.341033,1285.0,2,1280.0,64,1285.0,70,1,2454,2025-06-18
2025-06-18 09:07:43.546929,1285.0,1,1280.0,64,1285.0,69,1,2454,2025-06-18
2025-06-18 09:07:44.408227,1285.0,2,1280.0,62,1285.0,68,1,2454,2025-06-18
2025-06-18 09:07:44.817359,1285.0,1,1280.0,60,1285.0,66,1,2454,2025-06-18
2025-06-18 09:07:44.960219,1285.0,1,1280.0,60,1285.0,65,1,2454,2025-06-18
2025-06-18 09:07:45.256470,1285.0,26,1280.0,57,1285.0,39,1,2454,2025-06-18
2025-06-18 09:07:45.428640,1285.0,2,1280.0,61,1285.0,37,1,2454,2025-06-18
2025-06-18 09:07:46.930045,1285.0,1,1280.0,62,1285.0,36,1,2454,2025-06-18
2025-06-18 09:07:47.664118,1285.0,2,1280.0,63,1285.0,34,1,2454,2025-06-18
2025-06-18 09:07:48.399269,1285.0,1,1280.0,63,1285.0,33,1,2454,2025-06-18
2025-06-18 09:07:48.974163,1285.0,33,1280.0,63,1290.0,115,1,2454,2025-06-18
2025-06-18 09:07:49.195292,1285.0,1,1280.0,67,1290.0,119,1,2454,2025-06-18
2025-06-18 09:07:50.492347,1290.0,4,1285.0,4,1290.0,125,1,2454,2025-06-18
2025-06-18 09:07:55.491700,1290.0,1,1285.0,19,1290.0,100,1,2454,2025-06-18
2025-06-18 09:08:02.943340,1285.0,5,1285.0,30,1290.0,98,2,2454,2025-06-18
2025-06-18 09:08:04.393824,1290.0,1,1285.0,30,1290.0,94,1,2454,2025-06-18
2025-06-18 09:08:07.040136,1285.0,1,1285.0,29,1290.0,91,2,2454,2025-06-18
2025-06-18 09:08:09.434345,1290.0,1,1285.0,29,1290.0,93,1,2454,2025-06-18
2025-06-18 09:08:09.515547,1290.0,1,1285.0,29,1290.0,92,1,2454,2025-06-18
2025-06-18 09:08:10.205203,1290.0,1,1285.0,29,1290.0,91,1,2454,2025-06-18
2025-06-18 09:08:12.774892,1290.0,2,1285.0,34,1290.0,89,1,2454,2025-06-18
2025-06-18 09:08:15.987387,1290.0,2,1285.0,39,1290.0,86,1,2454,2025-06-18
2025-06-18 09:08:18.999958,1290.0,1,1285.0,39,1290.0,85,1,2454,2025-06-18
2025-06-18 09:08:19.974392,1290.0,1,1285.0,39,1290.0,84,1,2454,2025-06-18
2025-06-18 09:08:23.710070,1290.0,1,1285.0,42,1290.0,80,1,2454,2025-06-18
2025-06-18 09:08:26.831654,1290.0,1,1285.0,43,1290.0,80,1,2454,2025-06-18
2025-06-18 09:08:27.124507,1290.0,2,1285.0,43,1290.0,78,1,2454,2025-06-18
2025-06-18 09:08:27.330054,1285.0,9,1285.0,34,1290.0,79,2,2454,2025-06-18
2025-06-18 09:08:27.736481,1290.0,1,1285.0,34,1290.0,80,1,2454,2025-06-18
2025-06-18 09:08:34.688268,1285.0,2,1285.0,36,1290.0,86,2,2454,2025-06-18
2025-06-18 09:08:39.438191,1290.0,2,1285.0,42,1290.0,85,1,2454,2025-06-18
2025-06-18 09:08:40.091479,1290.0,5,1285.0,42,1290.0,80,1,2454,2025-06-18
2025-06-18 09:08:40.164680,1290.0,1,1285.0,42,1290.0,79,1,2454,2025-06-18
2025-06-18 09:08:53.038128,1285.0,1,1285.0,51,1290.0,110,2,2454,2025-06-18
2025-06-18 09:09:00.924184,1285.0,1,1285.0,64,1290.0,111,2,2454,2025-06-18
2025-06-18 09:09:08.305125,1285.0,1,1285.0,64,1290.0,114,2,2454,2025-06-18
2025-06-18 09:09:13.946013,1290.0,1,1285.0,65,1290.0,117,1,2454,2025-06-18
2025-06-18 09:09:21.751494,1285.0,1,1285.0,65,1290.0,119,2,2454,2025-06-18
2025-06-18 09:09:31.669401,1290.0,1,1285.0,68,1290.0,120,1,2454,2025-06-18
2025-06-18 09:09:53.473710,1290.0,1,1285.0,72,1290.0,126,1,2454,2025-06-18
2025-06-18 09:10:08.079114,1285.0,1,1285.0,78,1290.0,132,2,2454,2025-06-18
2025-06-18 09:10:26.246962,1285.0,1,1285.0,78,1290.0,138,2,2454,2025-06-18
2025-06-18 09:10:31.422880,1285.0,1,1285.0,93,1290.0,138,2,2454,2025-06-18
2025-06-18 09:10:33.731564,1285.0,1,1285.0,92,1290.0,136,2,2454,2025-06-18
2025-06-18 09:10:36.389854,1285.0,3,1285.0,89,1290.0,138,2,2454,2025-06-18
2025-06-18 09:11:01.492464,1285.0,1,1285.0,94,1290.0,143,2,2454,2025-06-18
2025-06-18 09:11:02.690191,1285.0,1,1285.0,93,1290.0,143,2,2454,2025-06-18
2025-06-18 09:11:13.974247,1285.0,1,1285.0,92,1290.0,149,2,2454,2025-06-18
2025-06-18 09:11:13.976181,1285.0,1,1285.0,91,1290.0,149,2,2454,2025-06-18
2025-06-18 09:11:13.977851,1285.0,1,1285.0,93,1290.0,149,2,2454,2025-06-18
2025-06-18 09:11:32.804115,1285.0,1,1285.0,91,1290.0,153,2,2454,2025-06-18
2025-06-18 09:11:34.506252,1290.0,1,1285.0,91,1290.0,153,1,2454,2025-06-18
2025-06-18 09:11:36.911733,1290.0,1,1285.0,91,1290.0,153,1,2454,2025-06-18
2025-06-18 09:11:37.568688,1285.0,1,1285.0,90,1290.0,153,2,2454,2025-06-18
2025-06-18 09:11:45.995541,1285.0,1,1285.0,93,1290.0,155,2,2454,2025-06-18
2025-06-18 09:12:08.391501,1285.0,1,1285.0,79,1290.0,157,2,2454,2025-06-18
2025-06-18 09:12:11.600840,1285.0,1,1285.0,78,1290.0,159,2,2454,2025-06-18
2025-06-18 09:12:17.006589,1285.0,1,1285.0,77,1290.0,161,2,2454,2025-06-18
2025-06-18 09:12:23.729276,1285.0,1,1285.0,75,1290.0,164,2,2454,2025-06-18
2025-06-18 09:12:24.537300,1285.0,1,1285.0,74,1290.0,164,2,2454,2025-06-18
2025-06-18 09:12:25.830918,1285.0,1,1285.0,73,1290.0,164,2,2454,2025-06-18
2025-06-18 09:12:28.676279,1285.0,1,1285.0,72,1290.0,165,2,2454,2025-06-18
2025-06-18 09:12:28.748077,1285.0,1,1285.0,71,1290.0,165,2,2454,2025-06-18
2025-06-18 09:12:49.505473,1285.0,1,1285.0,75,1290.0,165,2,2454,2025-06-18
2025-06-18 09:12:59.224316,1285.0,1,1285.0,75,1290.0,167,2,2454,2025-06-18
2025-06-18 09:13:08.157053,1285.0,1,1285.0,74,1290.0,168,2,2454,2025-06-18
2025-06-18 09:13:08.408488,1285.0,1,1285.0,74,1290.0,169,2,2454,2025-06-18
2025-06-18 09:13:18.958330,1285.0,1,1285.0,73,1290.0,173,2,2454,2025-06-18
2025-06-18 09:13:25.052874,1285.0,1,1285.0,71,1290.0,173,2,2454,2025-06-18
2025-06-18 09:13:43.659735,1285.0,2,1285.0,75,1290.0,183,2,2454,2025-06-18
2025-06-18 09:13:59.566309,1285.0,1,1285.0,72,1290.0,183,2,2454,2025-06-18
2025-06-18 09:13:59.770048,1285.0,1,1285.0,72,1290.0,185,2,2454,2025-06-18
2025-06-18 09:14:02.585493,1285.0,1,1285.0,71,1290.0,186,2,2454,2025-06-18
2025-06-18 09:14:03.678256,1285.0,2,1285.0,69,1290.0,186,2,2454,2025-06-18
2025-06-18 09:14:04.668254,1285.0,1,1285.0,68,1290.0,186,2,2454,2025-06-18
2025-06-18 09:14:06.203677,1285.0,1,1285.0,67,1290.0,189,2,2454,2025-06-18
2025-06-18 09:14:07.111091,1285.0,1,1285.0,66,1290.0,188,2,2454,2025-06-18
2025-06-18 09:14:09.266841,1285.0,1,1285.0,65,1290.0,189,2,2454,2025-06-18
2025-06-18 09:14:11.533419,1285.0,1,1285.0,64,1290.0,191,2,2454,2025-06-18
2025-06-18 09:14:13.181319,1285.0,2,1285.0,62,1290.0,192,2,2454,2025-06-18
2025-06-18 09:14:14.969261,1285.0,1,1285.0,61,1290.0,191,2,2454,2025-06-18
2025-06-18 09:14:15.258783,1285.0,1,1285.0,60,1290.0,191,2,2454,2025-06-18
2025-06-18 09:14:15.295848,1285.0,1,1285.0,59,1290.0,191,2,2454,2025-06-18
2025-06-18 09:14:18.731316,1285.0,1,1285.0,58,1290.0,191,2,2454,2025-06-18
2025-06-18 09:14:21.356129,1285.0,1,1285.0,57,1290.0,192,2,2454,2025-06-18
2025-06-18 09:14:28.017608,1285.0,1,1285.0,61,1290.0,191,2,2454,2025-06-18
2025-06-18 09:14:29.496299,1285.0,1,1285.0,60,1290.0,192,2,2454,2025-06-18
2025-06-18 09:14:31.238566,1285.0,1,1285.0,59,1290.0,192,2,2454,2025-06-18
2025-06-18 09:14:33.794708,1290.0,1,1285.0,59,1290.0,191,1,2454,2025-06-18
2025-06-18 09:14:36.587050,1285.0,3,1285.0,56,1290.0,189,2,2454,2025-06-18
2025-06-18 09:14:42.914767,1285.0,1,1285.0,56,1290.0,189,2,2454,2025-06-18
2025-06-18 09:14:49.066996,1290.0,1,1285.0,56,1290.0,191,1,2454,2025-06-18
2025-06-18 09:14:56.388041,1285.0,15,1285.0,41,1290.0,175,2,2454,2025-06-18
2025-06-18 09:14:58.397471,1285.0,1,1285.0,41,1290.0,175,2,2454,2025-06-18
2025-06-18 09:14:58.520484,1290.0,1,1285.0,41,1290.0,174,1,2454,2025-06-18
2025-06-18 09:14:59.962645,1285.0,2,1285.0,40,1290.0,174,2,2454,2025-06-18
2025-06-18 09:15:05.500486,1290.0,1,1285.0,51,1290.0,175,1,2454,2025-06-18
2025-06-18 09:15:08.942087,1290.0,1,1285.0,51,1290.0,175,1,2454,2025-06-18
2025-06-18 09:15:10.628959,1285.0,1,1285.0,50,1290.0,175,2,2454,2025-06-18
2025-06-18 09:15:23.958339,1285.0,1,1285.0,59,1290.0,176,2,2454,2025-06-18
2025-06-18 09:15:25.792343,1285.0,1,1285.0,58,1290.0,176,2,2454,2025-06-18
2025-06-18 09:15:30.836888,1285.0,1,1285.0,56,1290.0,178,2,2454,2025-06-18
2025-06-18 09:15:44.421673,1290.0,1,1285.0,53,1290.0,179,1,2454,2025-06-18
2025-06-18 09:15:53.462415,1285.0,10,1285.0,43,1290.0,178,2,2454,2025-06-18
2025-06-18 09:15:53.502559,1290.0,1,1285.0,39,1290.0,177,1,2454,2025-06-18
2025-06-18 09:16:06.811078,1285.0,1,1285.0,38,1290.0,179,2,2454,2025-06-18
2025-06-18 09:16:12.048629,1285.0,1,1285.0,37,1290.0,178,2,2454,2025-06-18
2025-06-18 09:16:19.550149,1285.0,1,1285.0,38,1290.0,180,2,2454,2025-06-18
2025-06-18 09:16:39.095415,1285.0,1,1285.0,39,1290.0,184,2,2454,2025-06-18
2025-06-18 09:16:45.612595,1290.0,1,1285.0,41,1290.0,180,1,2454,2025-06-18
2025-06-18 09:16:52.987360,1285.0,5,1285.0,36,1290.0,185,2,2454,2025-06-18
2025-06-18 09:16:53.049193,1290.0,1,1285.0,36,1290.0,184,1,2454,2025-06-18
2025-06-18 09:16:53.418392,1290.0,1,1285.0,35,1290.0,183,1,2454,2025-06-18
2025-06-18 09:16:57.340950,1285.0,1,1285.0,34,1290.0,184,2,2454,2025-06-18
2025-06-18 09:16:58.484597,1290.0,1,1285.0,34,1290.0,183,1,2454,2025-06-18
2025-06-18 09:17:06.808423,1285.0,1,1285.0,33,1290.0,184,2,2454,2025-06-18
2025-06-18 09:17:15.449931,1285.0,1,1285.0,34,1290.0,184,2,2454,2025-06-18
2025-06-18 09:17:20.988857,1285.0,1,1285.0,32,1290.0,184,2,2454,2025-06-18
2025-06-18 09:17:42.789202,1285.0,1,1285.0,38,1290.0,191,2,2454,2025-06-18
2025-06-18 09:17:46.408327,1285.0,1,1285.0,37,1290.0,191,2,2454,2025-06-18
2025-06-18 09:17:46.490723,1290.0,1,1285.0,37,1290.0,190,1,2454,2025-06-18
2025-06-18 09:17:52.301057,1290.0,1,1285.0,39,1290.0,190,1,2454,2025-06-18
2025-06-18 09:17:53.181449,1285.0,2,1285.0,37,1290.0,190,2,2454,2025-06-18
2025-06-18 09:17:57.295599,1285.0,20,1285.0,17,1290.0,190,2,2454,2025-06-18
2025-06-18 09:17:57.386279,1290.0,3,1285.0,15,1290.0,187,1,2454,2025-06-18
2025-06-18 09:18:00.169099,1285.0,1,1285.0,14,1290.0,187,2,2454,2025-06-18
2025-06-18 09:18:02.950858,1285.0,1,1285.0,13,1290.0,188,2,2454,2025-06-18
2025-06-18 09:18:03.433979,1285.0,1,1285.0,12,1290.0,190,2,2454,2025-06-18
2025-06-18 09:18:04.238819,1285.0,5,1285.0,7,1290.0,185,2,2454,2025-06-18
2025-06-18 09:18:04.293656,1290.0,1,1285.0,7,1290.0,184,1,2454,2025-06-18
2025-06-18 09:18:12.556438,1285.0,1,1285.0,6,1290.0,200,2,2454,2025-06-18
2025-06-18 09:18:14.999491,1285.0,1,1285.0,5,1290.0,210,2,2454,2025-06-18
2025-06-18 09:18:15.491259,1285.0,1,1285.0,9,1290.0,209,2,2454,2025-06-18
2025-06-18 09:18:15.918271,1285.0,2,1285.0,7,1290.0,207,2,2454,2025-06-18
2025-06-18 09:18:19.798886,1285.0,7,1280.0,161,1285.0,8,2,2454,2025-06-18
2025-06-18 09:18:19.843224,1285.0,8,1280.0,159,1290.0,206,1,2454,2025-06-18
2025-06-18 09:18:19.878125,1285.0,1,1280.0,159,1290.0,205,1,2454,2025-06-18
2025-06-18 09:18:24.928273,1290.0,2,1285.0,6,1290.0,199,1,2454,2025-06-18
2025-06-18 09:18:25.223369,1285.0,1,1285.0,5,1290.0,198,2,2454,2025-06-18
2025-06-18 09:18:28.041841,1285.0,1,1285.0,5,1290.0,198,2,2454,2025-06-18
2025-06-18 09:18:29.604169,1285.0,1,1285.0,3,1290.0,199,2,2454,2025-06-18
2025-06-18 09:18:30.051634,1290.0,1,1285.0,3,1290.0,199,1,2454,2025-06-18
2025-06-18 09:18:32.059393,1285.0,1,1285.0,2,1290.0,198,2,2454,2025-06-18
2025-06-18 09:18:33.811441,1285.0,2,1280.0,166,1290.0,196,2,2454,2025-06-18
2025-06-18 09:18:34.220982,1285.0,1,1280.0,165,1290.0,196,1,2454,2025-06-18
2025-06-18 09:18:35.348305,1285.0,1,1280.0,166,1290.0,196,1,2454,2025-06-18
2025-06-18 09:18:35.701350,1285.0,1,1285.0,3,1290.0,195,2,2454,2025-06-18
2025-06-18 09:18:35.921375,1285.0,1,1280.0,167,1290.0,195,1,2454,2025-06-18
2025-06-18 09:18:36.043059,1290.0,1,1280.0,167,1290.0,194,1,2454,2025-06-18
2025-06-18 09:18:49.637753,1285.0,1,1285.0,2,1290.0,196,2,2454,2025-06-18
2025-06-18 09:18:53.471447,1285.0,1,1285.0,2,1290.0,198,2,2454,2025-06-18
2025-06-18 09:19:06.010325,1290.0,1,1285.0,4,1290.0,201,1,2454,2025-06-18
2025-06-18 09:19:06.992526,1285.0,1,1285.0,3,1290.0,200,2,2454,2025-06-18
2025-06-18 09:19:09.179576,1285.0,1,1285.0,2,1290.0,200,2,2454,2025-06-18
2025-06-18 09:19:43.024335,1285.0,1,1285.0,9,1290.0,205,2,2454,2025-06-18
2025-06-18 09:19:58.203319,1285.0,1,1285.0,6,1290.0,208,2,2454,2025-06-18
2025-06-18 09:19:59.205277,1285.0,1,1285.0,5,1290.0,209,2,2454,2025-06-18
2025-06-18 09:19:59.279280,1290.0,1,1285.0,5,1290.0,208,1,2454,2025-06-18
2025-06-18 09:20:06.033475,1285.0,2,1280.0,165,1290.0,207,1,2454,2025-06-18
2025-06-18 09:20:09.004047,1285.0,1,1280.0,169,1290.0,207,1,2454,2025-06-18
2025-06-18 09:20:20.631581,1285.0,1,1280.0,170,1290.0,208,1,2454,2025-06-18
2025-06-18 09:20:24.332052,1285.0,1,1285.0,1,1290.0,211,2,2454,2025-06-18
2025-06-18 09:20:28.299485,1285.0,2,1280.0,166,1290.0,207,2,2454,2025-06-18
2025-06-18 09:20:47.197479,1285.0,1,1280.0,177,1290.0,213,1,2454,2025-06-18
2025-06-18 09:21:16.014406,1280.0,1,1280.0,169,1290.0,223,2,2454,2025-06-18
2025-06-18 09:21:31.446479,1285.0,1,1280.0,170,1290.0,228,1,2454,2025-06-18
2025-06-18 09:21:35.651687,1280.0,1,1280.0,169,1290.0,228,2,2454,2025-06-18
2025-06-18 09:21:36.717357,1280.0,1,1280.0,168,1290.0,228,2,2454,2025-06-18
2025-06-18 09:21:37.998192,1285.0,1,1280.0,168,1290.0,228,1,2454,2025-06-18
2025-06-18 09:21:50.105724,1285.0,1,1280.0,168,1290.0,228,1,2454,2025-06-18
2025-06-18 09:21:51.632500,1285.0,1,1280.0,168,1290.0,228,1,2454,2025-06-18
2025-06-18 09:21:54.312182,1285.0,2,1280.0,168,1285.0,2,1,2454,2025-06-18
2025-06-18 09:22:04.768924,1285.0,1,1280.0,169,1290.0,228,1,2454,2025-06-18
2025-06-18 09:22:08.815718,1290.0,2,1285.0,2,1290.0,229,1,2454,2025-06-18
2025-06-18 09:22:11.448098,1285.0,1,1285.0,5,1290.0,227,2,2454,2025-06-18
2025-06-18 09:22:28.385729,1285.0,1,1285.0,8,1290.0,229,2,2454,2025-06-18
2025-06-18 09:22:54.320448,1285.0,1,1285.0,9,1290.0,233,2,2454,2025-06-18
2025-06-18 09:23:09.113783,1285.0,1,1285.0,9,1290.0,236,2,2454,2025-06-18
2025-06-18 09:23:19.877683,1285.0,3,1285.0,6,1290.0,236,2,2454,2025-06-18
2025-06-18 09:23:19.961946,1290.0,1,1285.0,6,1290.0,235,1,2454,2025-06-18
2025-06-18 09:23:27.050099,1285.0,6,1280.0,167,1285.0,5,2,2454,2025-06-18
2025-06-18 09:23:27.080951,1285.0,5,1280.0,167,1290.0,235,1,2454,2025-06-18
2025-06-18 09:23:27.268653,1290.0,1,1285.0,1,1290.0,233,1,2454,2025-06-18
2025-06-18 09:23:30.465323,1285.0,1,1285.0,6,1290.0,233,2,2454,2025-06-18
2025-06-18 09:23:32.518958,1290.0,1,1285.0,7,1290.0,242,1,2454,2025-06-18
2025-06-18 09:23:43.059517,1285.0,1,1285.0,13,1290.0,251,2,2454,2025-06-18
2025-06-18 09:23:47.835999,1285.0,1,1285.0,2,1290.0,251,2,2454,2025-06-18
2025-06-18 09:23:47.906963,1290.0,1,1285.0,2,1290.0,250,1,2454,2025-06-18
2025-06-18 09:23:58.571875,1285.0,1,1285.0,3,1290.0,263,2,2454,2025-06-18
2025-06-18 09:23:58.760954,1285.0,1,1285.0,1,1290.0,263,2,2454,2025-06-18
2025-06-18 09:24:08.394015,1285.0,1,1285.0,2,1290.0,263,2,2454,2025-06-18
2025-06-18 09:24:12.177307,1285.0,1,1285.0,1,1290.0,263,2,2454,2025-06-18
2025-06-18 09:24:14.997124,1285.0,1,1285.0,1,1290.0,269,2,2454,2025-06-18
2025-06-18 09:24:44.553198,1285.0,1,1285.0,3,1290.0,278,2,2454,2025-06-18
2025-06-18 09:24:49.426090,1290.0,1,1285.0,4,1290.0,277,1,2454,2025-06-18
2025-06-18 09:25:01.041866,1285.0,1,1285.0,3,1290.0,278,2,2454,2025-06-18
2025-06-18 09:25:05.572768,1285.0,1,1285.0,2,1290.0,280,2,2454,2025-06-18
2025-06-18 09:25:16.776397,1285.0,2,1280.0,177,1290.0,281,2,2454,2025-06-18
2025-06-18 09:25:29.013757,1285.0,1,1280.0,173,1285.0,11,1,2454,2025-06-18
2025-06-18 09:26:02.093642,1280.0,1,1280.0,161,1285.0,49,2,2454,2025-06-18
2025-06-18 09:26:14.099782,1280.0,1,1280.0,145,1285.0,60,2,2454,2025-06-18
2025-06-18 09:26:16.021328,1280.0,83,1280.0,62,1285.0,66,2,2454,2025-06-18
2025-06-18 09:26:16.021339,1280.0,62,1275.0,180,1285.0,66,2,2454,2025-06-18
2025-06-18 09:26:30.742438,1275.0,5,1275.0,162,1280.0,63,2,2454,2025-06-18
2025-06-18 09:26:56.584731,1275.0,1,1275.0,145,1280.0,66,2,2454,2025-06-18
2025-06-18 09:26:56.641999,1280.0,1,1275.0,145,1280.0,66,1,2454,2025-06-18
2025-06-18 09:26:57.566149,1275.0,1,1275.0,144,1280.0,67,2,2454,2025-06-18
2025-06-18 09:27:23.013712,1280.0,1,1275.0,143,1280.0,72,1,2454,2025-06-18
2025-06-18 09:27:34.690233,1280.0,1,1275.0,136,1280.0,69,1,2454,2025-06-18
2025-06-18 09:27:42.161271,1275.0,1,1275.0,136,1280.0,67,2,2454,2025-06-18
2025-06-18 09:28:00.388611,1275.0,1,1275.0,145,1280.0,68,2,2454,2025-06-18
2025-06-18 09:28:43.083966,1275.0,1,1275.0,144,1280.0,83,2,2454,2025-06-18
2025-06-18 09:28:43.203601,1280.0,1,1275.0,146,1280.0,82,1,2454,2025-06-18
2025-06-18 09:28:46.216241,1275.0,1,1275.0,145,1280.0,83,2,2454,2025-06-18
2025-06-18 09:29:35.984589,1275.0,1,1275.0,148,1280.0,96,2,2454,2025-06-18
2025-06-18 09:29:46.850996,1275.0,1,1275.0,146,1280.0,96,2,2454,2025-06-18
2025-06-18 09:30:07.026560,1275.0,1,1275.0,147,1280.0,99,2,2454,2025-06-18
2025-06-18 09:30:32.820620,1275.0,1,1275.0,146,1280.0,101,2,2454,2025-06-18
2025-06-18 09:30:32.907581,1280.0,1,1275.0,146,1280.0,100,1,2454,2025-06-18
2025-06-18 09:30:35.569577,1280.0,1,1275.0,147,1280.0,99,1,2454,2025-06-18
2025-06-18 09:30:38.605783,1275.0,5,1275.0,148,1280.0,99,2,2454,2025-06-18
2025-06-18 09:30:50.931765,1280.0,1,1275.0,147,1280.0,98,1,2454,2025-06-18
2025-06-18 09:30:51.005881,1280.0,1,1275.0,147,1280.0,97,1,2454,2025-06-18
2025-06-18 09:30:56.636204,1275.0,5,1275.0,139,1280.0,90,2,2454,2025-06-18
2025-06-18 09:30:56.846984,1280.0,1,1275.0,139,1280.0,89,1,2454,2025-06-18
2025-06-18 09:31:31.536006,1275.0,1,1275.0,139,1280.0,88,2,2454,2025-06-18
2025-06-18 09:31:34.703726,1275.0,1,1275.0,138,1280.0,88,2,2454,2025-06-18
2025-06-18 09:31:34.773826,1280.0,1,1275.0,138,1280.0,87,1,2454,2025-06-18
2025-06-18 09:32:08.260849,1280.0,1,1275.0,140,1280.0,79,1,2454,2025-06-18
2025-06-18 09:32:11.000481,1280.0,1,1275.0,144,1280.0,65,1,2454,2025-06-18
2025-06-18 09:32:26.471136,1275.0,1,1275.0,141,1280.0,68,2,2454,2025-06-18
2025-06-18 09:32:56.678080,1275.0,1,1275.0,141,1280.0,73,2,2454,2025-06-18
2025-06-18 09:33:10.791017,1280.0,1,1275.0,141,1280.0,78,1,2454,2025-06-18
2025-06-18 09:33:24.509511,1275.0,1,1275.0,141,1280.0,71,2,2454,2025-06-18
2025-06-18 09:34:19.910827,1280.0,1,1275.0,147,1280.0,70,1,2454,2025-06-18
2025-06-18 09:34:20.272073,1275.0,1,1275.0,148,1280.0,66,2,2454,2025-06-18
2025-06-18 09:34:20.296628,1280.0,2,1275.0,146,1280.0,64,1,2454,2025-06-18
2025-06-18 09:34:20.344195,1280.0,1,1275.0,146,1280.0,63,1,2454,2025-06-18
2025-06-18 09:34:23.291181,1280.0,2,1275.0,149,1280.0,60,1,2454,2025-06-18
2025-06-18 09:34:24.919746,1280.0,1,1275.0,150,1280.0,59,1,2454,2025-06-18
2025-06-18 09:34:30.849312,1280.0,9,1275.0,152,1280.0,50,1,2454,2025-06-18
2025-06-18 09:34:30.916164,1280.0,1,1275.0,157,1280.0,50,1,2454,2025-06-18
2025-06-18 09:34:30.999276,1280.0,10,1275.0,159,1280.0,39,1,2454,2025-06-18
2025-06-18 09:34:31.019553,1280.0,12,1275.0,159,1280.0,30,1,2454,2025-06-18
2025-06-18 09:34:32.326559,1280.0,1,1275.0,157,1280.0,36,1,2454,2025-06-18
2025-06-18 09:34:36.593909,1280.0,3,1275.0,153,1280.0,43,1,2454,2025-06-18
2025-06-18 09:34:58.924131,1280.0,2,1275.0,149,1280.0,48,1,2454,2025-06-18
2025-06-18 09:34:59.014314,1280.0,1,1275.0,149,1280.0,47,1,2454,2025-06-18
2025-06-18 09:35:08.278180,1280.0,1,1275.0,149,1280.0,45,1,2454,2025-06-18
2025-06-18 09:35:37.361012,1280.0,1,1275.0,155,1280.0,47,1,2454,2025-06-18
2025-06-18 09:36:16.796169,1280.0,1,1275.0,158,1280.0,54,1,2454,2025-06-18
2025-06-18 09:36:22.208075,1280.0,1,1275.0,158,1280.0,54,1,2454,2025-06-18
2025-06-18 09:36:29.548925,1280.0,1,1275.0,159,1280.0,53,1,2454,2025-06-18
2025-06-18 09:36:49.233450,1275.0,3,1275.0,157,1280.0,53,2,2454,2025-06-18
2025-06-18 09:36:49.315203,1280.0,1,1275.0,157,1280.0,52,1,2454,2025-06-18
2025-06-18 09:37:06.716544,1280.0,1,1275.0,162,1280.0,51,1,2454,2025-06-18
2025-06-18 09:37:15.242080,1280.0,1,1275.0,167,1280.0,36,1,2454,2025-06-18
2025-06-18 09:37:33.967875,1280.0,1,1275.0,164,1280.0,48,1,2454,2025-06-18
2025-06-18 09:38:14.938224,1275.0,1,1275.0,163,1280.0,64,2,2454,2025-06-18
2025-06-18 09:38:17.361498,1275.0,3,1275.0,160,1280.0,64,2,2454,2025-06-18
2025-06-18 09:38:48.789023,1275.0,1,1275.0,158,1280.0,75,2,2454,2025-06-18
2025-06-18 09:38:48.848251,1280.0,1,1275.0,158,1280.0,74,1,2454,2025-06-18
2025-06-18 09:39:19.816286,1280.0,1,1275.0,158,1280.0,74,1,2454,2025-06-18
2025-06-18 09:39:33.029005,1280.0,1,1275.0,159,1280.0,59,1,2454,2025-06-18
2025-06-18 09:39:39.276537,1280.0,1,1275.0,159,1280.0,58,1,2454,2025-06-18
2025-06-18 09:39:42.457826,1280.0,1,1275.0,161,1280.0,57,1,2454,2025-06-18
2025-06-18 09:39:43.086424,1280.0,1,1275.0,167,1280.0,49,1,2454,2025-06-18
2025-06-18 09:40:41.867458,1275.0,1,1275.0,163,1280.0,61,2,2454,2025-06-18
2025-06-18 09:40:50.326100,1275.0,1,1275.0,160,1280.0,61,2,2454,2025-06-18
2025-06-18 09:41:09.100271,1275.0,5,1275.0,153,1280.0,67,2,2454,2025-06-18
2025-06-18 09:41:09.157127,1280.0,1,1275.0,153,1280.0,66,1,2454,2025-06-18
2025-06-18 09:41:18.350269,1280.0,1,1275.0,153,1280.0,67,1,2454,2025-06-18
2025-06-18 09:41:35.171450,1280.0,1,1275.0,154,1280.0,69,1,2454,2025-06-18
2025-06-18 09:41:36.215671,1280.0,1,1275.0,154,1280.0,68,1,2454,2025-06-18
2025-06-18 09:41:55.710838,1280.0,1,1275.0,155,1280.0,67,1,2454,2025-06-18
2025-06-18 09:41:55.787835,1280.0,1,1275.0,155,1280.0,66,1,2454,2025-06-18
2025-06-18 09:42:14.126460,1280.0,1,1275.0,154,1280.0,70,1,2454,2025-06-18
2025-06-18 09:43:01.220296,1280.0,1,1275.0,158,1280.0,78,1,2454,2025-06-18
2025-06-18 09:43:01.282146,1280.0,1,1275.0,158,1280.0,77,1,2454,2025-06-18
2025-06-18 09:43:14.380453,1280.0,1,1275.0,158,1280.0,77,1,2454,2025-06-18
2025-06-18 09:45:19.569518,1280.0,1,1275.0,152,1280.0,88,1,2454,2025-06-18
2025-06-18 09:45:39.579447,1275.0,45,1275.0,105,1280.0,91,2,2454,2025-06-18
2025-06-18 09:45:39.662122,1280.0,5,1275.0,105,1280.0,97,1,2454,2025-06-18
2025-06-18 09:45:43.080954,1280.0,1,1275.0,104,1280.0,94,1,2454,2025-06-18
2025-06-18 09:45:45.188495,1280.0,1,1275.0,105,1280.0,95,1,2454,2025-06-18
2025-06-18 09:46:08.993123,1280.0,1,1275.0,106,1280.0,90,1,2454,2025-06-18
2025-06-18 09:46:34.582723,1280.0,1,1275.0,106,1280.0,91,1,2454,2025-06-18
2025-06-18 09:47:55.601534,1280.0,1,1275.0,106,1280.0,94,1,2454,2025-06-18
2025-06-18 09:48:18.238929,1275.0,2,1275.0,104,1280.0,92,2,2454,2025-06-18
2025-06-18 09:48:18.318690,1280.0,1,1275.0,104,1280.0,91,1,2454,2025-06-18
2025-06-18 09:48:18.624358,1275.0,1,1275.0,103,1280.0,91,2,2454,2025-06-18
2025-06-18 09:48:29.220076,1280.0,1,1275.0,106,1280.0,93,1,2454,2025-06-18
2025-06-18 09:48:41.936216,1275.0,1,1275.0,107,1280.0,93,2,2454,2025-06-18
2025-06-18 09:48:49.156286,1275.0,1,1275.0,107,1280.0,93,2,2454,2025-06-18
2025-06-18 09:48:49.415337,1275.0,1,1275.0,106,1280.0,95,2,2454,2025-06-18
2025-06-18 09:48:59.822244,1275.0,1,1275.0,105,1280.0,95,2,2454,2025-06-18
2025-06-18 09:50:29.574822,1275.0,1,1275.0,101,1280.0,101,2,2454,2025-06-18
2025-06-18 09:50:29.649359,1280.0,1,1275.0,101,1280.0,100,1,2454,2025-06-18
2025-06-18 09:51:02.582451,1280.0,1,1275.0,106,1280.0,101,1,2454,2025-06-18
2025-06-18 09:51:02.816705,1275.0,1,1275.0,105,1280.0,101,2,2454,2025-06-18
2025-06-18 09:51:45.624286,1275.0,1,1275.0,105,1280.0,103,2,2454,2025-06-18
2025-06-18 09:51:47.782683,1280.0,1,1275.0,105,1280.0,102,1,2454,2025-06-18
2025-06-18 09:52:05.267364,1280.0,1,1275.0,105,1280.0,101,1,2454,2025-06-18
2025-06-18 09:52:05.418698,1275.0,1,1275.0,104,1280.0,101,2,2454,2025-06-18
2025-06-18 09:52:41.918802,1275.0,1,1275.0,106,1280.0,103,2,2454,2025-06-18
2025-06-18 09:53:12.401590,1275.0,1,1275.0,105,1280.0,103,2,2454,2025-06-18
2025-06-18 09:53:38.136628,1280.0,1,1275.0,105,1280.0,103,1,2454,2025-06-18
2025-06-18 09:54:14.421913,1280.0,1,1275.0,107,1280.0,108,1,2454,2025-06-18
2025-06-18 09:54:14.616969,1275.0,1,1275.0,106,1280.0,108,2,2454,2025-06-18
2025-06-18 09:54:43.376882,1275.0,1,1275.0,106,1280.0,109,2,2454,2025-06-18
2025-06-18 09:55:41.543245,1275.0,1,1275.0,106,1280.0,110,2,2454,2025-06-18
2025-06-18 09:55:58.259683,1275.0,1,1275.0,105,1280.0,111,2,2454,2025-06-18
2025-06-18 09:55:58.424369,1275.0,1,1275.0,104,1280.0,113,2,2454,2025-06-18
2025-06-18 09:56:15.623797,1275.0,1,1275.0,102,1280.0,124,2,2454,2025-06-18
2025-06-18 09:56:15.721126,1280.0,1,1275.0,102,1280.0,123,1,2454,2025-06-18
2025-06-18 09:56:31.814085,1275.0,1,1275.0,100,1280.0,122,2,2454,2025-06-18
2025-06-18 09:56:38.343916,1280.0,2,1275.0,98,1280.0,121,1,2454,2025-06-18
2025-06-18 09:56:38.353367,1280.0,1,1275.0,97,1280.0,120,1,2454,2025-06-18
2025-06-18 09:56:38.612610,1275.0,1,1275.0,96,1280.0,124,2,2454,2025-06-18
2025-06-18 09:56:38.633224,1275.0,75,1275.0,21,1280.0,124,2,2454,2025-06-18
2025-06-18 09:56:38.649378,1275.0,21,1270.0,227,1280.0,126,2,2454,2025-06-18
2025-06-18 09:56:38.669047,1275.0,1,1270.0,227,1275.0,2,1,2454,2025-06-18
2025-06-18 09:56:38.690693,1275.0,3,1270.0,229,1275.0,6,1,2454,2025-06-18
2025-06-18 09:56:39.555764,1270.0,5,1270.0,223,1275.0,20,2,2454,2025-06-18
2025-06-18 09:56:40.713053,1270.0,1,1270.0,223,1275.0,41,2,2454,2025-06-18
2025-06-18 09:56:42.879475,1270.0,1,1270.0,223,1275.0,60,2,2454,2025-06-18
2025-06-18 09:56:45.586377,1270.0,1,1270.0,222,1275.0,64,2,2454,2025-06-18
2025-06-18 09:56:48.125643,1270.0,1,1270.0,221,1275.0,68,2,2454,2025-06-18
2025-06-18 09:56:48.257224,1270.0,1,1270.0,220,1275.0,67,2,2454,2025-06-18
2025-06-18 09:56:48.358143,1270.0,1,1270.0,219,1275.0,66,2,2454,2025-06-18
2025-06-18 09:56:48.457502,1270.0,1,1270.0,215,1275.0,67,2,2454,2025-06-18
2025-06-18 09:56:48.560214,1270.0,1,1270.0,213,1275.0,65,2,2454,2025-06-18
2025-06-18 09:56:48.660218,1270.0,1,1270.0,212,1275.0,64,2,2454,2025-06-18
2025-06-18 09:56:48.774496,1270.0,1,1270.0,211,1275.0,63,2,2454,2025-06-18
2025-06-18 09:56:48.861271,1270.0,1,1270.0,210,1275.0,62,2,2454,2025-06-18
2025-06-18 09:56:48.962460,1270.0,1,1270.0,209,1275.0,61,2,2454,2025-06-18
2025-06-18 09:56:49.061473,1270.0,1,1270.0,208,1275.0,60,2,2454,2025-06-18
2025-06-18 09:56:49.163244,1270.0,1,1270.0,207,1275.0,59,2,2454,2025-06-18
2025-06-18 09:56:49.263727,1270.0,1,1270.0,206,1275.0,58,2,2454,2025-06-18
2025-06-18 09:56:49.365541,1270.0,1,1270.0,205,1275.0,57,2,2454,2025-06-18
2025-06-18 09:56:49.469117,1270.0,1,1270.0,204,1275.0,56,2,2454,2025-06-18
2025-06-18 09:56:49.569174,1270.0,1,1270.0,203,1275.0,55,2,2454,2025-06-18
2025-06-18 09:56:49.666530,1270.0,1,1270.0,202,1275.0,54,2,2454,2025-06-18
2025-06-18 09:56:49.770480,1270.0,1,1270.0,201,1275.0,53,2,2454,2025-06-18
2025-06-18 09:56:49.874167,1270.0,1,1270.0,200,1275.0,52,2,2454,2025-06-18
2025-06-18 09:56:49.972003,1270.0,1,1270.0,199,1275.0,51,2,2454,2025-06-18
2025-06-18 09:56:59.938111,1270.0,1,1270.0,199,1275.0,54,2,2454,2025-06-18
2025-06-18 09:57:37.624122,1270.0,1,1270.0,192,1275.0,83,2,2454,2025-06-18
2025-06-18 09:58:14.520671,1270.0,1,1270.0,191,1275.0,94,2,2454,2025-06-18
2025-06-18 09:58:17.593028,1270.0,1,1270.0,191,1275.0,91,2,2454,2025-06-18
2025-06-18 09:59:03.566582,1270.0,1,1270.0,198,1275.0,97,2,2454,2025-06-18
2025-06-18 09:59:37.379008,1270.0,1,1270.0,198,1275.0,99,2,2454,2025-06-18
2025-06-18 09:59:40.424070,1275.0,1,1270.0,198,1275.0,98,1,2454,2025-06-18
2025-06-18 09:59:50.879574,1275.0,1,1270.0,233,1275.0,88,1,2454,2025-06-18
2025-06-18 09:59:58.189330,1270.0,1,1270.0,237,1275.0,76,2,2454,2025-06-18
2025-06-18 09:59:58.563694,1270.0,1,1270.0,236,1275.0,76,2,2454,2025-06-18
2025-06-18 10:00:13.891654,1270.0,2,1270.0,234,1275.0,76,2,2454,2025-06-18
2025-06-18 10:00:56.473602,1270.0,1,1270.0,237,1275.0,77,2,2454,2025-06-18
2025-06-18 10:01:29.185517,1270.0,1,1270.0,248,1275.0,79,2,2454,2025-06-18
2025-06-18 10:01:47.852902,1270.0,5,1270.0,243,1275.0,80,2,2454,2025-06-18
2025-06-18 10:01:47.928305,1275.0,1,1270.0,243,1275.0,79,1,2454,2025-06-18
2025-06-18 10:01:47.993200,1275.0,2,1270.0,241,1275.0,77,1,2454,2025-06-18
2025-06-18 10:01:48.001360,1275.0,1,1270.0,240,1275.0,76,1,2454,2025-06-18
2025-06-18 10:01:48.009375,1275.0,1,1270.0,239,1275.0,75,1,2454,2025-06-18
2025-06-18 10:01:48.026932,1275.0,6,1270.0,233,1275.0,69,1,2454,2025-06-18
2025-06-18 10:01:49.319447,1270.0,5,1270.0,229,1275.0,68,2,2454,2025-06-18
2025-06-18 10:01:53.022715,1275.0,1,1270.0,237,1275.0,69,1,2454,2025-06-18
2025-06-18 10:01:53.092259,1275.0,7,1270.0,230,1275.0,61,1,2454,2025-06-18
2025-06-18 10:01:58.538785,1275.0,1,1270.0,237,1275.0,59,1,2454,2025-06-18
2025-06-18 10:01:58.909793,1270.0,1,1270.0,236,1275.0,59,2,2454,2025-06-18
2025-06-18 10:02:18.200967,1270.0,1,1270.0,236,1275.0,61,2,2454,2025-06-18
2025-06-18 10:02:18.270407,1275.0,1,1270.0,236,1275.0,59,1,2454,2025-06-18
2025-06-18 10:03:00.502575,1275.0,1,1270.0,229,1275.0,74,1,2454,2025-06-18
2025-06-18 10:03:00.859111,1270.0,1,1270.0,228,1275.0,74,2,2454,2025-06-18
2025-06-18 10:03:13.622475,1270.0,5,1270.0,230,1275.0,74,2,2454,2025-06-18
2025-06-18 10:03:20.303601,1275.0,1,1270.0,229,1275.0,75,1,2454,2025-06-18
2025-06-18 10:03:20.373707,1275.0,1,1270.0,229,1275.0,74,1,2454,2025-06-18
2025-06-18 10:03:40.167145,1275.0,1,1270.0,224,1275.0,80,1,2454,2025-06-18
2025-06-18 10:04:18.874523,1270.0,1,1270.0,231,1275.0,85,2,2454,2025-06-18
2025-06-18 10:04:33.500313,1275.0,1,1270.0,226,1275.0,84,1,2454,2025-06-18
2025-06-18 10:04:44.258455,1275.0,1,1270.0,226,1275.0,84,1,2454,2025-06-18
2025-06-18 10:04:59.185385,1275.0,1,1270.0,231,1275.0,84,1,2454,2025-06-18
2025-06-18 10:05:07.509966,1275.0,1,1270.0,226,1275.0,83,1,2454,2025-06-18
2025-06-18 10:05:17.946302,1270.0,1,1270.0,225,1275.0,84,2,2454,2025-06-18
2025-06-18 10:05:18.024459,1275.0,1,1270.0,225,1275.0,83,1,2454,2025-06-18
2025-06-18 10:05:20.342022,1275.0,1,1270.0,224,1275.0,82,1,2454,2025-06-18
2025-06-18 10:05:20.951483,1270.0,5,1270.0,219,1275.0,82,2,2454,2025-06-18
2025-06-18 10:05:46.758854,1270.0,1,1270.0,219,1275.0,90,2,2454,2025-06-18
2025-06-18 10:06:44.601356,1270.0,5,1270.0,214,1275.0,91,2,2454,2025-06-18
2025-06-18 10:06:44.662439,1275.0,1,1270.0,214,1275.0,90,1,2454,2025-06-18
2025-06-18 10:07:02.018152,1275.0,1,1270.0,220,1275.0,89,1,2454,2025-06-18
2025-06-18 10:07:07.309409,1275.0,15,1270.0,222,1275.0,89,1,2454,2025-06-18
2025-06-18 10:07:07.406709,1275.0,2,1270.0,224,1275.0,70,1,2454,2025-06-18
2025-06-18 10:07:07.838599,1275.0,1,1270.0,226,1275.0,72,1,2454,2025-06-18
2025-06-18 10:07:09.142316,1270.0,22,1270.0,205,1275.0,74,2,2454,2025-06-18
2025-06-18 10:07:13.724840,1275.0,3,1270.0,203,1275.0,71,1,2454,2025-06-18
2025-06-18 10:07:32.931330,1270.0,5,1270.0,201,1275.0,75,2,2454,2025-06-18
2025-06-18 10:07:33.006432,1275.0,1,1270.0,201,1275.0,74,1,2454,2025-06-18
2025-06-18 10:08:23.079268,1275.0,1,1270.0,204,1275.0,75,1,2454,2025-06-18
2025-06-18 10:08:49.470981,1270.0,1,1270.0,205,1275.0,75,2,2454,2025-06-18
2025-06-18 10:08:49.846996,1270.0,1,1270.0,204,1275.0,75,2,2454,2025-06-18
2025-06-18 10:09:41.774002,1275.0,6,1270.0,210,1275.0,70,1,2454,2025-06-18
2025-06-18 10:09:41.826398,1275.0,1,1270.0,212,1275.0,62,1,2454,2025-06-18
2025-06-18 10:09:41.861133,1275.0,1,1270.0,214,1275.0,60,1,2454,2025-06-18
2025-06-18 10:09:43.190536,1275.0,8,1270.0,216,1275.0,51,1,2454,2025-06-18
2025-06-18 10:09:48.386954,1275.0,1,1270.0,219,1275.0,47,1,2454,2025-06-18
2025-06-18 10:09:48.691373,1275.0,1,1270.0,219,1275.0,46,1,2454,2025-06-18
2025-06-18 10:09:50.335960,1275.0,1,1270.0,214,1275.0,45,1,2454,2025-06-18
2025-06-18 10:10:11.301029,1270.0,1,1270.0,215,1275.0,43,2,2454,2025-06-18
2025-06-18 10:10:18.146179,1275.0,1,1270.0,212,1275.0,43,1,2454,2025-06-18
2025-06-18 10:10:19.302258,1275.0,1,1270.0,213,1275.0,42,1,2454,2025-06-18
2025-06-18 10:10:19.367719,1275.0,1,1270.0,213,1275.0,41,1,2454,2025-06-18
2025-06-18 10:10:24.771589,1275.0,1,1270.0,212,1275.0,38,1,2454,2025-06-18
2025-06-18 10:10:26.186774,1275.0,2,1270.0,214,1275.0,32,1,2454,2025-06-18
2025-06-18 10:10:26.258607,1275.0,21,1270.0,214,1275.0,10,1,2454,2025-06-18
2025-06-18 10:10:26.331544,1275.0,1,1270.0,227,1275.0,13,1,2454,2025-06-18
2025-06-18 10:10:27.955958,1275.0,1,1270.0,215,1275.0,14,1,2454,2025-06-18
2025-06-18 10:10:47.085255,1275.0,4,1270.0,220,1275.0,11,1,2454,2025-06-18
2025-06-18 10:10:47.169517,1275.0,1,1270.0,220,1275.0,10,1,2454,2025-06-18
2025-06-18 10:10:51.351929,1275.0,2,1270.0,221,1275.0,10,1,2454,2025-06-18
2025-06-18 10:11:03.314070,1275.0,1,1270.0,217,1275.0,9,1,2454,2025-06-18
2025-06-18 10:11:03.393886,1275.0,1,1270.0,217,1275.0,8,1,2454,2025-06-18
2025-06-18 10:11:19.486322,1275.0,1,1270.0,222,1275.0,8,1,2454,2025-06-18
2025-06-18 10:11:26.184103,1275.0,1,1270.0,226,1275.0,14,1,2454,2025-06-18
2025-06-18 10:11:29.320783,1275.0,2,1270.0,224,1275.0,12,1,2454,2025-06-18
2025-06-18 10:11:29.708424,1275.0,1,1270.0,221,1275.0,13,1,2454,2025-06-18
2025-06-18 10:11:29.775250,1275.0,1,1270.0,220,1275.0,11,1,2454,2025-06-18
2025-06-18 10:11:30.736389,1275.0,1,1270.0,219,1275.0,10,1,2454,2025-06-18
2025-06-18 10:11:35.279446,1275.0,2,1270.0,214,1275.0,9,1,2454,2025-06-18
2025-06-18 10:11:38.775597,1275.0,1,1270.0,217,1275.0,9,1,2454,2025-06-18
2025-06-18 10:12:05.864219,1275.0,8,1270.0,229,1275.0,10,1,2454,2025-06-18
2025-06-18 10:12:05.973607,1275.0,2,1270.0,229,1275.0,8,1,2454,2025-06-18
2025-06-18 10:12:05.999245,1275.0,5,1270.0,229,1275.0,9,1,2454,2025-06-18
2025-06-18 10:12:07.191213,1275.0,5,1270.0,229,1275.0,5,1,2454,2025-06-18
2025-06-18 10:12:07.243973,1275.0,1,1270.0,231,1280.0,148,1,2454,2025-06-18
2025-06-18 10:12:09.533938,1275.0,3,1270.0,235,1280.0,145,2,2454,2025-06-18
2025-06-18 10:12:09.588956,1275.0,8,1270.0,235,1275.0,8,1,2454,2025-06-18
2025-06-18 10:12:38.163180,1275.0,8,1270.0,221,1280.0,148,2,2454,2025-06-18
2025-06-18 10:13:12.823857,1275.0,1,1270.0,221,1280.0,160,2,2454,2025-06-18
2025-06-18 10:13:12.878733,1275.0,2,1270.0,217,1275.0,2,1,2454,2025-06-18
2025-06-18 10:13:12.898336,1275.0,2,1270.0,217,1280.0,160,1,2454,2025-06-18
2025-06-18 10:13:13.021613,1275.0,1,1270.0,226,1280.0,158,1,2454,2025-06-18
2025-06-18 10:13:35.944479,1270.0,1,1270.0,225,1280.0,158,2,2454,2025-06-18
2025-06-18 10:14:20.274645,1275.0,2,1270.0,216,1275.0,58,1,2454,2025-06-18
2025-06-18 10:14:22.957390,1270.0,8,1270.0,208,1275.0,58,2,2454,2025-06-18
2025-06-18 10:15:39.198094,1270.0,1,1270.0,187,1275.0,85,2,2454,2025-06-18
2025-06-18 10:16:15.376772,1275.0,1,1270.0,186,1275.0,91,1,2454,2025-06-18
2025-06-18 10:16:56.132153,1275.0,2,1270.0,188,1275.0,93,1,2454,2025-06-18
2025-06-18 10:17:09.378230,1275.0,1,1270.0,195,1275.0,88,1,2454,2025-06-18
2025-06-18 10:17:14.752674,1270.0,1,1270.0,196,1275.0,88,2,2454,2025-06-18
2025-06-18 10:17:28.908162,1270.0,4,1270.0,188,1275.0,92,2,2454,2025-06-18
2025-06-18 10:18:29.753870,1270.0,1,1270.0,187,1275.0,96,2,2454,2025-06-18
2025-06-18 10:19:00.896794,1275.0,1,1270.0,191,1275.0,98,1,2454,2025-06-18
2025-06-18 10:19:21.191454,1275.0,1,1270.0,191,1275.0,99,1,2454,2025-06-18
2025-06-18 10:19:38.775132,1275.0,1,1270.0,188,1275.0,96,1,2454,2025-06-18
2025-06-18 10:19:45.766520,1270.0,1,1270.0,188,1275.0,96,2,2454,2025-06-18
2025-06-18 10:21:01.753549,1270.0,1,1270.0,193,1275.0,99,2,2454,2025-06-18
2025-06-18 10:21:19.750547,1275.0,1,1270.0,195,1275.0,99,1,2454,2025-06-18
2025-06-18 10:21:53.945258,1270.0,1,1270.0,199,1275.0,76,2,2454,2025-06-18
2025-06-18 10:22:11.246556,1275.0,1,1270.0,203,1275.0,75,1,2454,2025-06-18
2025-06-18 10:22:17.756798,1270.0,1,1270.0,205,1275.0,75,2,2454,2025-06-18
2025-06-18 10:22:53.412211,1275.0,3,1270.0,266,1275.0,74,1,2454,2025-06-18
2025-06-18 10:23:32.772320,1270.0,1,1270.0,286,1275.0,61,2,2454,2025-06-18
2025-06-18 10:23:35.299746,1275.0,2,1270.0,284,1275.0,60,1,2454,2025-06-18
2025-06-18 10:23:35.308240,1275.0,2,1270.0,282,1275.0,58,1,2454,2025-06-18
2025-06-18 10:23:35.364215,1275.0,1,1270.0,281,1275.0,57,1,2454,2025-06-18
2025-06-18 10:23:35.372977,1275.0,2,1270.0,279,1275.0,55,1,2454,2025-06-18
2025-06-18 10:23:35.571312,1270.0,1,1270.0,278,1275.0,53,2,2454,2025-06-18
2025-06-18 10:23:38.305194,1275.0,5,1270.0,279,1275.0,48,1,2454,2025-06-18
2025-06-18 10:23:48.879688,1275.0,1,1270.0,281,1275.0,59,1,2454,2025-06-18
2025-06-18 10:23:50.165159,1275.0,2,1270.0,281,1275.0,56,1,2454,2025-06-18
2025-06-18 10:24:01.998381,1270.0,1,1270.0,280,1275.0,55,2,2454,2025-06-18
2025-06-18 10:24:03.779042,1275.0,1,1270.0,276,1275.0,55,1,2454,2025-06-18
2025-06-18 10:24:09.469665,1275.0,1,1270.0,279,1275.0,54,1,2454,2025-06-18
2025-06-18 10:24:17.628801,1275.0,1,1270.0,279,1275.0,53,1,2454,2025-06-18
2025-06-18 10:24:18.000843,1270.0,1,1270.0,278,1275.0,53,2,2454,2025-06-18
2025-06-18 10:24:30.601689,1275.0,1,1270.0,279,1275.0,51,1,2454,2025-06-18
2025-06-18 10:24:37.080996,1275.0,1,1270.0,283,1275.0,50,1,2454,2025-06-18
2025-06-18 10:24:48.756755,1270.0,1,1270.0,288,1275.0,49,2,2454,2025-06-18
2025-06-18 10:24:50.058616,1275.0,1,1270.0,288,1275.0,48,1,2454,2025-06-18
2025-06-18 10:24:53.217114,1275.0,1,1270.0,283,1275.0,27,1,2454,2025-06-18
2025-06-18 10:24:58.945119,1275.0,2,1270.0,301,1275.0,26,1,2454,2025-06-18
2025-06-18 10:24:58.965987,1275.0,4,1270.0,301,1275.0,22,1,2454,2025-06-18
2025-06-18 10:24:58.996555,1275.0,1,1270.0,301,1275.0,21,1,2454,2025-06-18
2025-06-18 10:25:01.534775,1275.0,1,1270.0,307,1275.0,28,1,2454,2025-06-18
2025-06-18 10:25:01.571614,1275.0,28,1270.0,307,1280.0,144,1,2454,2025-06-18
2025-06-18 10:25:01.732683,1275.0,1,1275.0,24,1280.0,137,2,2454,2025-06-18
2025-06-18 10:25:01.738645,1275.0,1,1275.0,23,1280.0,137,2,2454,2025-06-18
2025-06-18 10:25:46.135969,1275.0,10,1275.0,38,1280.0,122,2,2454,2025-06-18
2025-06-18 10:25:57.684607,1280.0,1,1275.0,43,1280.0,124,1,2454,2025-06-18
2025-06-18 10:26:04.757891,1275.0,1,1275.0,45,1280.0,125,2,2454,2025-06-18
2025-06-18 10:27:19.758303,1275.0,1,1275.0,55,1280.0,120,2,2454,2025-06-18
2025-06-18 10:28:00.428009,1275.0,4,1275.0,52,1280.0,122,2,2454,2025-06-18
2025-06-18 10:28:00.452220,1275.0,2,1275.0,50,1280.0,121,2,2454,2025-06-18
2025-06-18 10:28:00.454630,1275.0,5,1275.0,45,1280.0,121,2,2454,2025-06-18
2025-06-18 10:28:00.472144,1275.0,45,1270.0,265,1280.0,123,2,2454,2025-06-18
2025-06-18 10:28:00.494405,1275.0,2,1270.0,263,1275.0,4,2,2454,2025-06-18
2025-06-18 10:28:00.603707,1275.0,3,1270.0,249,1280.0,128,2,2454,2025-06-18
2025-06-18 10:28:00.624590,1275.0,3,1270.0,282,1280.0,128,1,2454,2025-06-18
2025-06-18 10:28:35.288663,1275.0,2,1275.0,8,1280.0,151,1,2454,2025-06-18
2025-06-18 10:28:35.324167,1275.0,2,1275.0,6,1280.0,149,2,2454,2025-06-18
2025-06-18 10:28:35.326840,1275.0,1,1275.0,5,1280.0,149,2,2454,2025-06-18
2025-06-18 10:28:35.355488,1275.0,2,1275.0,3,1280.0,150,2,2454,2025-06-18
2025-06-18 10:28:35.358031,1275.0,1,1275.0,2,1280.0,150,2,2454,2025-06-18
2025-06-18 10:28:35.380879,1275.0,3,1275.0,5,1280.0,150,2,2454,2025-06-18
2025-06-18 10:28:35.380930,1275.0,5,1270.0,297,1280.0,150,2,2454,2025-06-18
2025-06-18 10:28:42.439211,1275.0,7,1270.0,330,1280.0,146,1,2454,2025-06-18
2025-06-18 10:29:02.748962,1280.0,1,1270.0,322,1280.0,152,1,2454,2025-06-18
2025-06-18 10:29:26.760684,1275.0,1,1275.0,6,1280.0,149,2,2454,2025-06-18
2025-06-18 10:30:11.947011,1275.0,1,1275.0,48,1280.0,104,2,2454,2025-06-18
2025-06-18 10:30:41.759227,1275.0,1,1275.0,72,1280.0,103,2,2454,2025-06-18
2025-06-18 10:31:57.802544,1275.0,1,1275.0,89,1280.0,109,2,2454,2025-06-18
2025-06-18 10:33:13.765161,1275.0,1,1275.0,127,1280.0,115,2,2454,2025-06-18
2025-06-18 10:34:28.761740,1275.0,1,1275.0,123,1280.0,124,2,2454,2025-06-18
2025-06-18 10:34:43.545882,1280.0,1,1275.0,124,1280.0,124,1,2454,2025-06-18
2025-06-18 10:34:53.478805,1280.0,1,1275.0,126,1280.0,126,1,2454,2025-06-18
2025-06-18 10:35:22.132971,1280.0,1,1275.0,135,1280.0,122,1,2454,2025-06-18
2025-06-18 10:35:44.758969,1275.0,1,1275.0,131,1280.0,124,2,2454,2025-06-18
2025-06-18 10:37:00.760719,1275.0,1,1275.0,136,1280.0,127,2,2454,2025-06-18
2025-06-18 10:37:20.324362,1280.0,1,1275.0,136,1280.0,131,1,2454,2025-06-18
2025-06-18 10:37:29.964640,1280.0,1,1275.0,137,1280.0,130,1,2454,2025-06-18
2025-06-18 10:38:16.758358,1275.0,1,1275.0,139,1280.0,133,2,2454,2025-06-18
2025-06-18 10:38:29.879076,1275.0,1,1275.0,138,1280.0,133,2,2454,2025-06-18
2025-06-18 10:39:31.763207,1275.0,1,1275.0,135,1280.0,134,2,2454,2025-06-18
2025-06-18 10:40:47.769343,1275.0,1,1275.0,142,1280.0,136,2,2454,2025-06-18
2025-06-18 10:41:33.418899,1275.0,1,1275.0,155,1280.0,137,2,2454,2025-06-18
2025-06-18 10:41:41.791013,1275.0,1,1275.0,154,1280.0,137,2,2454,2025-06-18
2025-06-18 10:42:03.766781,1275.0,1,1275.0,159,1280.0,135,2,2454,2025-06-18
2025-06-18 10:42:50.036378,1280.0,1,1275.0,160,1280.0,133,1,2454,2025-06-18
2025-06-18 10:42:50.404415,1275.0,1,1275.0,159,1280.0,133,2,2454,2025-06-18
2025-06-18 10:43:07.756168,1280.0,1,1275.0,158,1280.0,132,1,2454,2025-06-18
2025-06-18 10:43:13.581811,1275.0,1,1275.0,162,1280.0,131,2,2454,2025-06-18
2025-06-18 10:43:18.763059,1275.0,1,1275.0,161,1280.0,133,2,2454,2025-06-18
2025-06-18 10:44:09.763344,1275.0,1,1275.0,161,1280.0,135,2,2454,2025-06-18
2025-06-18 10:44:10.126115,1275.0,1,1275.0,160,1280.0,135,2,2454,2025-06-18
2025-06-18 10:44:14.852051,1280.0,1,1275.0,156,1280.0,138,1,2454,2025-06-18
2025-06-18 10:44:26.073385,1280.0,2,1275.0,156,1280.0,136,1,2454,2025-06-18
2025-06-18 10:45:25.763876,1275.0,1,1275.0,165,1280.0,134,2,2454,2025-06-18
2025-06-18 10:45:37.724847,1275.0,1,1275.0,168,1280.0,134,2,2454,2025-06-18
2025-06-18 10:46:07.089273,1275.0,2,1275.0,166,1280.0,134,2,2454,2025-06-18
2025-06-18 10:46:40.764693,1275.0,1,1275.0,160,1280.0,138,2,2454,2025-06-18
2025-06-18 10:46:47.878177,1275.0,1,1275.0,159,1280.0,138,2,2454,2025-06-18
2025-06-18 10:47:15.661199,1275.0,1,1275.0,161,1280.0,139,2,2454,2025-06-18
2025-06-18 10:47:39.726523,1280.0,1,1275.0,162,1280.0,138,1,2454,2025-06-18
2025-06-18 10:47:56.765984,1275.0,1,1275.0,161,1280.0,139,2,2454,2025-06-18
2025-06-18 10:48:43.285607,1275.0,2,1275.0,160,1280.0,142,2,2454,2025-06-18
2025-06-18 10:48:48.184859,1280.0,1,1275.0,161,1280.0,141,1,2454,2025-06-18
2025-06-18 10:48:58.062300,1280.0,1,1275.0,161,1280.0,141,1,2454,2025-06-18
2025-06-18 10:48:58.435708,1275.0,1,1275.0,160,1280.0,141,2,2454,2025-06-18
2025-06-18 10:49:12.761762,1275.0,1,1275.0,186,1280.0,137,2,2454,2025-06-18
2025-06-18 10:49:14.200701,1280.0,1,1275.0,188,1280.0,136,1,2454,2025-06-18
2025-06-18 10:49:51.603639,1275.0,1,1275.0,182,1280.0,133,2,2454,2025-06-18
2025-06-18 10:49:56.730213,1280.0,1,1275.0,182,1280.0,132,1,2454,2025-06-18
2025-06-18 10:49:58.055048,1275.0,1,1275.0,182,1280.0,131,2,2454,2025-06-18
2025-06-18 10:49:59.990963,1280.0,1,1275.0,182,1280.0,130,1,2454,2025-06-18
2025-06-18 10:50:03.927730,1280.0,1,1275.0,185,1280.0,129,1,2454,2025-06-18
2025-06-18 10:50:10.729533,1280.0,2,1275.0,185,1280.0,128,1,2454,2025-06-18
2025-06-18 10:50:10.907592,1280.0,2,1275.0,185,1280.0,125,1,2454,2025-06-18
2025-06-18 10:50:19.152717,1280.0,1,1275.0,190,1280.0,125,1,2454,2025-06-18
2025-06-18 10:50:20.475385,1280.0,2,1275.0,190,1280.0,123,1,2454,2025-06-18
2025-06-18 10:50:25.251084,1280.0,1,1275.0,194,1280.0,122,1,2454,2025-06-18
2025-06-18 10:50:28.764203,1275.0,1,1275.0,193,1280.0,122,2,2454,2025-06-18
2025-06-18 10:50:41.229352,1275.0,1,1275.0,193,1280.0,121,2,2454,2025-06-18
2025-06-18 10:51:41.432458,1280.0,1,1275.0,185,1280.0,123,1,2454,2025-06-18
2025-06-18 10:51:43.766242,1275.0,1,1275.0,184,1280.0,123,2,2454,2025-06-18
2025-06-18 10:51:44.917895,1280.0,1,1275.0,184,1280.0,122,1,2454,2025-06-18
2025-06-18 10:52:32.488120,1275.0,1,1275.0,179,1280.0,122,2,2454,2025-06-18
2025-06-18 10:52:45.240993,1280.0,1,1275.0,178,1280.0,121,1,2454,2025-06-18
2025-06-18 10:52:47.524229,1280.0,1,1275.0,178,1280.0,120,1,2454,2025-06-18
2025-06-18 10:52:51.097216,1280.0,1,1275.0,178,1280.0,119,1,2454,2025-06-18
2025-06-18 10:52:59.765690,1275.0,1,1275.0,178,1280.0,119,2,2454,2025-06-18
2025-06-18 10:53:21.949105,1275.0,1,1275.0,182,1280.0,120,2,2454,2025-06-18
2025-06-18 10:54:15.764713,1275.0,1,1275.0,185,1280.0,95,2,2454,2025-06-18
2025-06-18 10:54:30.468184,1275.0,1,1275.0,187,1280.0,97,2,2454,2025-06-18
2025-06-18 10:54:36.399568,1280.0,1,1275.0,187,1280.0,95,1,2454,2025-06-18
2025-06-18 10:54:48.578058,1275.0,1,1275.0,186,1280.0,93,2,2454,2025-06-18
2025-06-18 10:55:05.887403,1275.0,1,1275.0,188,1280.0,92,2,2454,2025-06-18
2025-06-18 10:55:14.322606,1280.0,1,1275.0,208,1280.0,92,1,2454,2025-06-18
2025-06-18 10:55:14.330620,1280.0,1,1275.0,207,1280.0,91,1,2454,2025-06-18
2025-06-18 10:55:14.398585,1280.0,1,1275.0,206,1280.0,89,1,2454,2025-06-18
2025-06-18 10:55:15.218311,1280.0,2,1275.0,212,1280.0,87,1,2454,2025-06-18
2025-06-18 10:55:15.330144,1280.0,1,1275.0,214,1280.0,86,1,2454,2025-06-18
2025-06-18 10:55:16.242818,1280.0,2,1275.0,216,1280.0,84,1,2454,2025-06-18
2025-06-18 10:55:19.012493,1280.0,1,1275.0,225,1280.0,83,1,2454,2025-06-18
2025-06-18 10:55:30.778671,1275.0,1,1275.0,230,1280.0,82,2,2454,2025-06-18
2025-06-18 10:55:38.385220,1280.0,1,1275.0,222,1280.0,81,1,2454,2025-06-18
2025-06-18 10:56:03.515436,1280.0,2,1275.0,223,1280.0,78,1,2454,2025-06-18
2025-06-18 10:56:14.769093,1275.0,1,1275.0,227,1280.0,78,2,2454,2025-06-18
2025-06-18 10:56:37.189973,1275.0,1,1275.0,223,1280.0,78,2,2454,2025-06-18
2025-06-18 10:56:44.263036,1275.0,1,1275.0,224,1280.0,77,2,2454,2025-06-18
2025-06-18 10:56:46.764835,1275.0,1,1275.0,210,1280.0,78,2,2454,2025-06-18
2025-06-18 10:57:48.291458,1275.0,1,1275.0,223,1280.0,77,2,2454,2025-06-18
2025-06-18 10:58:02.765329,1275.0,1,1275.0,223,1280.0,79,2,2454,2025-06-18
2025-06-18 10:58:09.911249,1280.0,1,1275.0,223,1280.0,78,1,2454,2025-06-18
2025-06-18 10:58:11.086110,1280.0,1,1275.0,227,1280.0,78,1,2454,2025-06-18
2025-06-18 10:58:20.375097,1280.0,1,1275.0,224,1280.0,76,1,2454,2025-06-18
2025-06-18 10:58:52.769096,1275.0,1,1275.0,230,1280.0,74,2,2454,2025-06-18
2025-06-18 10:58:56.425688,1280.0,1,1275.0,229,1280.0,73,1,2454,2025-06-18
2025-06-18 10:59:09.576883,1275.0,1,1275.0,229,1280.0,73,2,2454,2025-06-18
2025-06-18 10:59:20.187324,1275.0,1,1275.0,225,1280.0,73,2,2454,2025-06-18
2025-06-18 10:59:30.644983,1275.0,1,1275.0,222,1280.0,76,2,2454,2025-06-18
2025-06-18 10:59:45.578753,1275.0,2,1275.0,219,1280.0,174,2,2454,2025-06-18
2025-06-18 11:00:06.646399,1280.0,1,1275.0,201,1280.0,174,1,2454,2025-06-18
2025-06-18 11:00:06.646535,1280.0,1,1275.0,200,1280.0,173,1,2454,2025-06-18
2025-06-18 11:00:06.646786,1280.0,1,1275.0,199,1280.0,172,1,2454,2025-06-18
2025-06-18 11:00:06.647111,1280.0,1,1275.0,198,1280.0,171,1,2454,2025-06-18
2025-06-18 11:00:06.647287,1280.0,1,1275.0,197,1280.0,170,1,2454,2025-06-18
2025-06-18 11:00:06.647627,1280.0,1,1275.0,196,1280.0,169,1,2454,2025-06-18
2025-06-18 11:00:06.647906,1280.0,1,1275.0,195,1280.0,168,1,2454,2025-06-18
2025-06-18 11:00:06.648084,1280.0,1,1275.0,194,1280.0,167,1,2454,2025-06-18
2025-06-18 11:00:08.772728,1275.0,1,1275.0,193,1280.0,166,2,2454,2025-06-18
2025-06-18 11:00:11.400585,1280.0,1,1275.0,193,1280.0,166,1,2454,2025-06-18
2025-06-18 11:00:15.826153,1275.0,1,1275.0,200,1280.0,168,2,2454,2025-06-18
2025-06-18 11:00:20.547228,1280.0,1,1275.0,197,1280.0,167,1,2454,2025-06-18
2025-06-18 11:00:30.267543,1280.0,1,1275.0,202,1280.0,166,1,2454,2025-06-18
2025-06-18 11:00:58.661675,1275.0,1,1275.0,201,1280.0,168,2,2454,2025-06-18
2025-06-18 11:01:24.765379,1275.0,1,1275.0,203,1280.0,171,2,2454,2025-06-18
2025-06-18 11:02:08.064324,1280.0,1,1275.0,201,1280.0,173,1,2454,2025-06-18
2025-06-18 11:02:21.005326,1280.0,1,1275.0,201,1280.0,174,1,2454,2025-06-18
2025-06-18 11:02:21.353173,1275.0,1,1275.0,200,1280.0,174,2,2454,2025-06-18
2025-06-18 11:02:39.770745,1275.0,1,1275.0,198,1280.0,176,2,2454,2025-06-18
2025-06-18 11:03:23.881933,1275.0,1,1275.0,194,1280.0,189,2,2454,2025-06-18
2025-06-18 11:03:27.082379,1275.0,1,1275.0,193,1280.0,189,2,2454,2025-06-18
2025-06-18 11:03:55.768367,1275.0,1,1275.0,199,1280.0,190,2,2454,2025-06-18
2025-06-18 11:03:56.134808,1275.0,1,1275.0,198,1280.0,190,2,2454,2025-06-18
2025-06-18 11:04:00.231140,1275.0,1,1275.0,195,1280.0,190,2,2454,2025-06-18
2025-06-18 11:04:09.014404,1280.0,5,1275.0,196,1280.0,188,1,2454,2025-06-18
2025-06-18 11:04:31.499205,1280.0,1,1275.0,196,1280.0,187,1,2454,2025-06-18
2025-06-18 11:05:11.769854,1275.0,1,1275.0,197,1280.0,190,2,2454,2025-06-18
2025-06-18 11:05:12.142972,1275.0,1,1275.0,196,1280.0,190,2,2454,2025-06-18
2025-06-18 11:05:13.660730,1280.0,1,1275.0,197,1280.0,189,1,2454,2025-06-18
2025-06-18 11:06:00.990091,1280.0,1,1275.0,201,1280.0,192,1,2454,2025-06-18
2025-06-18 11:06:16.701454,1280.0,1,1275.0,202,1280.0,192,1,2454,2025-06-18
2025-06-18 11:06:27.768525,1275.0,1,1275.0,200,1280.0,194,2,2454,2025-06-18
2025-06-18 11:06:38.235744,1275.0,1,1275.0,199,1280.0,194,2,2454,2025-06-18
2025-06-18 11:06:41.852566,1280.0,1,1275.0,199,1280.0,193,1,2454,2025-06-18
2025-06-18 11:07:42.811616,1275.0,1,1275.0,199,1280.0,196,2,2454,2025-06-18
2025-06-18 11:07:56.176156,1275.0,1,1275.0,200,1280.0,197,2,2454,2025-06-18
2025-06-18 11:08:04.385184,1280.0,1,1275.0,200,1280.0,198,1,2454,2025-06-18
2025-06-18 11:08:20.141772,1275.0,1,1275.0,202,1280.0,199,2,2454,2025-06-18
2025-06-18 11:08:46.582135,1280.0,1,1275.0,202,1280.0,199,1,2454,2025-06-18
2025-06-18 11:08:50.599935,1275.0,6,1275.0,196,1280.0,193,2,2454,2025-06-18
2025-06-18 11:08:52.212504,1280.0,1,1275.0,196,1280.0,193,1,2454,2025-06-18
2025-06-18 11:08:59.810957,1275.0,1,1275.0,195,1280.0,193,2,2454,2025-06-18
2025-06-18 11:09:10.315703,1275.0,1,1275.0,194,1280.0,193,2,2454,2025-06-18
2025-06-18 11:09:17.088573,1280.0,1,1275.0,194,1280.0,192,1,2454,2025-06-18
2025-06-18 11:09:29.600628,1275.0,1,1275.0,193,1280.0,192,2,2454,2025-06-18
2025-06-18 11:09:44.307825,1280.0,1,1275.0,192,1280.0,192,1,2454,2025-06-18
2025-06-18 11:09:59.810539,1280.0,1,1275.0,192,1280.0,196,1,2454,2025-06-18
2025-06-18 11:10:14.280838,1280.0,1,1275.0,191,1280.0,203,1,2454,2025-06-18
2025-06-18 11:10:14.772139,1275.0,1,1275.0,190,1280.0,206,2,2454,2025-06-18
2025-06-18 11:10:20.324248,1280.0,1,1275.0,189,1280.0,205,1,2454,2025-06-18
2025-06-18 11:11:02.640166,1280.0,1,1275.0,189,1280.0,205,1,2454,2025-06-18
2025-06-18 11:11:25.451679,1280.0,1,1275.0,191,1280.0,207,1,2454,2025-06-18
2025-06-18 11:11:29.773252,1275.0,1,1275.0,190,1280.0,207,2,2454,2025-06-18
2025-06-18 11:11:41.883785,1275.0,1,1275.0,190,1280.0,207,2,2454,2025-06-18
2025-06-18 11:11:43.773757,1280.0,3,1275.0,190,1280.0,204,1,2454,2025-06-18
2025-06-18 11:11:53.582361,1280.0,1,1275.0,190,1280.0,204,1,2454,2025-06-18
2025-06-18 11:11:56.042843,1280.0,1,1275.0,190,1280.0,203,1,2454,2025-06-18
2025-06-18 11:11:58.049209,1280.0,1,1275.0,190,1280.0,202,1,2454,2025-06-18
2025-06-18 11:12:05.490097,1280.0,2,1275.0,190,1280.0,201,1,2454,2025-06-18
2025-06-18 11:12:20.509142,1280.0,1,1275.0,196,1280.0,197,1,2454,2025-06-18
2025-06-18 11:12:45.772579,1275.0,1,1275.0,196,1280.0,197,2,2454,2025-06-18
2025-06-18 11:13:14.017183,1280.0,1,1275.0,193,1280.0,197,1,2454,2025-06-18
2025-06-18 11:13:36.773252,1275.0,1,1275.0,193,1280.0,202,2,2454,2025-06-18
2025-06-18 11:14:19.458852,1275.0,1,1275.0,192,1280.0,205,2,2454,2025-06-18
2025-06-18 11:14:28.184647,1280.0,1,1275.0,191,1280.0,208,1,2454,2025-06-18
2025-06-18 11:14:51.770030,1275.0,1,1275.0,190,1280.0,208,2,2454,2025-06-18
2025-06-18 11:14:52.107779,1275.0,1,1275.0,189,1280.0,208,2,2454,2025-06-18
2025-06-18 11:15:02.129120,1280.0,1,1275.0,189,1280.0,208,1,2454,2025-06-18
2025-06-18 11:15:04.352199,1280.0,1,1275.0,189,1280.0,207,1,2454,2025-06-18
2025-06-18 11:15:07.424550,1280.0,1,1275.0,192,1280.0,207,1,2454,2025-06-18
2025-06-18 11:15:24.404028,1280.0,1,1275.0,192,1280.0,206,1,2454,2025-06-18
2025-06-18 11:15:40.644058,1275.0,1,1275.0,191,1280.0,207,2,2454,2025-06-18
2025-06-18 11:15:53.232280,1280.0,1,1275.0,192,1280.0,207,1,2454,2025-06-18
2025-06-18 11:16:07.776367,1275.0,1,1275.0,191,1280.0,207,2,2454,2025-06-18
2025-06-18 11:16:07.835864,1280.0,1,1275.0,191,1280.0,206,1,2454,2025-06-18
2025-06-18 11:16:24.269629,1275.0,1,1275.0,190,1280.0,203,2,2454,2025-06-18
2025-06-18 11:16:45.556333,1275.0,1,1275.0,188,1280.0,206,2,2454,2025-06-18
2025-06-18 11:17:01.091795,1280.0,1,1275.0,188,1280.0,205,1,2454,2025-06-18
2025-06-18 11:17:23.772712,1275.0,1,1275.0,192,1280.0,206,2,2454,2025-06-18
2025-06-18 11:17:23.843058,1275.0,1,1275.0,191,1280.0,206,2,2454,2025-06-18
2025-06-18 11:17:30.799962,1280.0,1,1275.0,191,1280.0,215,1,2454,2025-06-18
2025-06-18 11:17:34.852952,1280.0,1,1275.0,191,1280.0,214,1,2454,2025-06-18
2025-06-18 11:17:40.259300,1280.0,1,1275.0,191,1280.0,212,1,2454,2025-06-18
2025-06-18 11:17:54.855757,1275.0,1,1275.0,193,1280.0,198,2,2454,2025-06-18
2025-06-18 11:18:38.772843,1275.0,1,1275.0,192,1280.0,200,2,2454,2025-06-18
2025-06-18 11:18:47.186067,1280.0,6,1275.0,188,1280.0,208,1,2454,2025-06-18
2025-06-18 11:18:52.593935,1280.0,6,1275.0,192,1280.0,198,1,2454,2025-06-18
2025-06-18 11:19:22.809553,1275.0,1,1275.0,191,1280.0,187,2,2454,2025-06-18
2025-06-18 11:19:25.987606,1280.0,1,1275.0,191,1280.0,186,1,2454,2025-06-18
2025-06-18 11:19:45.167688,1280.0,1,1275.0,195,1280.0,186,1,2454,2025-06-18
2025-06-18 11:19:54.774849,1275.0,1,1275.0,194,1280.0,186,2,2454,2025-06-18
2025-06-18 11:19:57.732603,1280.0,1,1275.0,194,1280.0,185,1,2454,2025-06-18
2025-06-18 11:19:59.887475,1275.0,1,1275.0,194,1280.0,186,2,2454,2025-06-18
2025-06-18 11:20:02.412818,1280.0,1,1275.0,194,1280.0,185,1,2454,2025-06-18
2025-06-18 11:20:50.340548,1280.0,1,1275.0,194,1280.0,185,1,2454,2025-06-18
2025-06-18 11:20:50.348825,1280.0,4,1275.0,190,1280.0,181,1,2454,2025-06-18
2025-06-18 11:20:50.386312,1280.0,2,1275.0,191,1280.0,179,1,2454,2025-06-18
2025-06-18 11:20:50.414866,1280.0,2,1275.0,193,1280.0,177,1,2454,2025-06-18
2025-06-18 11:20:50.433992,1280.0,83,1275.0,193,1280.0,94,1,2454,2025-06-18
2025-06-18 11:20:50.434041,1280.0,83,1275.0,193,1280.0,11,1,2454,2025-06-18
2025-06-18 11:20:50.434051,1280.0,11,1275.0,193,1285.0,227,1,2454,2025-06-18
2025-06-18 11:20:50.480435,1280.0,2,1280.0,5,1285.0,226,2,2454,2025-06-18
2025-06-18 11:20:50.580790,1280.0,2,1280.0,3,1285.0,225,2,2454,2025-06-18
2025-06-18 11:20:50.594834,1280.0,3,1275.0,210,1285.0,226,2,2454,2025-06-18
2025-06-18 11:20:50.615352,1280.0,5,1275.0,213,1285.0,229,1,2454,2025-06-18
2025-06-18 11:21:10.772028,1280.0,1,1275.0,213,1285.0,232,2,2454,2025-06-18
2025-06-18 11:21:11.851059,1280.0,2,1275.0,215,1285.0,233,2,2454,2025-06-18
2025-06-18 11:21:11.983015,1280.0,2,1275.0,213,1280.0,2,1,2454,2025-06-18
2025-06-18 11:21:14.343312,1280.0,1,1280.0,8,1285.0,234,2,2454,2025-06-18
2025-06-18 11:21:14.343367,1280.0,7,1280.0,1,1285.0,234,2,2454,2025-06-18
2025-06-18 11:21:55.620467,1285.0,1,1280.0,42,1285.0,235,1,2454,2025-06-18
2025-06-18 11:21:56.828453,1280.0,42,1275.0,123,1285.0,236,2,2454,2025-06-18
2025-06-18 11:21:56.828453,1275.0,58,1275.0,123,1285.0,236,2,2454,2025-06-18
2025-06-18 11:21:59.046601,1280.0,2,1275.0,121,1280.0,18,1,2454,2025-06-18
2025-06-18 11:22:01.705996,1280.0,8,1275.0,116,1285.0,242,1,2454,2025-06-18
2025-06-18 11:22:03.038663,1280.0,1,1275.0,119,1285.0,241,1,2454,2025-06-18
2025-06-18 11:22:04.192131,1280.0,1,1275.0,119,1285.0,243,2,2454,2025-06-18
2025-06-18 11:22:07.626548,1280.0,1,1275.0,133,1285.0,242,1,2454,2025-06-18
2025-06-18 11:22:07.836673,1280.0,1,1275.0,132,1285.0,241,1,2454,2025-06-18
2025-06-18 11:22:26.805457,1280.0,1,1275.0,124,1285.0,244,1,2454,2025-06-18
2025-06-18 11:22:34.026320,1280.0,1,1275.0,136,1285.0,244,1,2454,2025-06-18
2025-06-18 11:22:39.672952,1280.0,1,1275.0,123,1285.0,241,2,2454,2025-06-18
2025-06-18 11:22:51.213301,1285.0,1,1280.0,1,1285.0,241,1,2454,2025-06-18
2025-06-18 11:22:51.221895,1280.0,1,1275.0,126,1285.0,241,2,2454,2025-06-18
2025-06-18 11:23:13.711216,1280.0,2,1275.0,133,1285.0,234,2,2454,2025-06-18
2025-06-18 11:23:17.420402,1275.0,15,1275.0,132,1285.0,236,2,2454,2025-06-18
2025-06-18 11:23:29.077812,1280.0,1,1275.0,121,1285.0,239,2,2454,2025-06-18
2025-06-18 11:23:29.100407,1285.0,1,1275.0,121,1285.0,238,1,2454,2025-06-18
2025-06-18 11:23:41.808795,1280.0,1,1275.0,137,1285.0,236,1,2454,2025-06-18
2025-06-18 11:23:42.048136,1280.0,1,1275.0,136,1285.0,235,1,2454,2025-06-18
2025-06-18 11:23:42.247490,1280.0,2,1275.0,136,1285.0,235,2,2454,2025-06-18
2025-06-18 11:23:45.923968,1280.0,1,1275.0,136,1285.0,237,2,2454,2025-06-18
2025-06-18 11:23:45.935185,1285.0,1,1275.0,136,1285.0,236,1,2454,2025-06-18
2025-06-18 11:23:50.294630,1285.0,1,1275.0,137,1285.0,234,1,2454,2025-06-18
2025-06-18 11:24:00.488914,1280.0,1,1275.0,139,1285.0,234,2,2454,2025-06-18
2025-06-18 11:24:01.067716,1285.0,1,1275.0,139,1285.0,235,1,2454,2025-06-18
2025-06-18 11:24:06.006437,1285.0,1,1275.0,139,1285.0,232,1,2454,2025-06-18
2025-06-18 11:24:41.843615,1285.0,2,1280.0,9,1285.0,233,1,2454,2025-06-18
2025-06-18 11:24:50.939668,1285.0,1,1280.0,17,1285.0,232,1,2454,2025-06-18
2025-06-18 11:24:53.675199,1285.0,1,1280.0,17,1285.0,230,1,2454,2025-06-18
2025-06-18 11:24:57.786873,1280.0,1,1280.0,20,1285.0,230,2,2454,2025-06-18
2025-06-18 11:24:57.981691,1285.0,3,1280.0,20,1285.0,227,1,2454,2025-06-18
2025-06-18 11:25:05.857714,1285.0,3,1280.0,20,1285.0,222,1,2454,2025-06-18
2025-06-18 11:25:14.491794,1285.0,3,1280.0,44,1285.0,219,1,2454,2025-06-18
2025-06-18 11:25:44.545315,1285.0,1,1280.0,58,1285.0,212,1,2454,2025-06-18
2025-06-18 11:26:01.171774,1285.0,1,1280.0,60,1285.0,211,1,2454,2025-06-18
2025-06-18 11:26:13.775700,1280.0,1,1280.0,60,1285.0,212,2,2454,2025-06-18
2025-06-18 11:26:16.440161,1285.0,1,1280.0,60,1285.0,211,1,2454,2025-06-18
2025-06-18 11:26:23.791269,1285.0,1,1280.0,60,1285.0,210,1,2454,2025-06-18
2025-06-18 11:26:42.852171,1285.0,1,1280.0,62,1285.0,206,1,2454,2025-06-18
2025-06-18 11:27:05.009255,1285.0,1,1280.0,64,1285.0,202,1,2454,2025-06-18
2025-06-18 11:27:28.776805,1280.0,1,1280.0,62,1285.0,198,2,2454,2025-06-18
2025-06-18 11:27:36.878093,1285.0,1,1280.0,62,1285.0,197,1,2454,2025-06-18
2025-06-18 11:27:56.116251,1285.0,1,1280.0,62,1285.0,194,1,2454,2025-06-18
2025-06-18 11:28:11.070577,1285.0,1,1280.0,62,1285.0,194,1,2454,2025-06-18
2025-06-18 11:28:13.672500,1285.0,1,1280.0,62,1285.0,193,1,2454,2025-06-18
2025-06-18 11:28:17.890916,1280.0,1,1280.0,63,1285.0,194,2,2454,2025-06-18
2025-06-18 11:28:19.780220,1280.0,1,1280.0,62,1285.0,196,2,2454,2025-06-18
2025-06-18 11:28:22.856292,1285.0,1,1280.0,62,1285.0,197,1,2454,2025-06-18
2025-06-18 11:28:23.641439,1285.0,1,1280.0,62,1285.0,200,1,2454,2025-06-18
2025-06-18 11:28:26.776718,1285.0,1,1280.0,62,1285.0,199,1,2454,2025-06-18
2025-06-18 11:28:34.511373,1285.0,1,1280.0,63,1285.0,198,1,2454,2025-06-18
2025-06-18 11:28:40.462774,1285.0,1,1280.0,64,1285.0,198,1,2454,2025-06-18
2025-06-18 11:28:44.116245,1285.0,1,1280.0,63,1285.0,191,1,2454,2025-06-18
2025-06-18 11:28:52.664767,1285.0,1,1280.0,64,1285.0,191,1,2454,2025-06-18
2025-06-18 11:29:07.805322,1285.0,1,1280.0,64,1285.0,191,1,2454,2025-06-18
2025-06-18 11:29:09.008669,1285.0,1,1280.0,64,1285.0,190,1,2454,2025-06-18
2025-06-18 11:29:14.461191,1285.0,1,1280.0,65,1285.0,190,1,2454,2025-06-18
2025-06-18 11:29:19.908289,1285.0,1,1280.0,65,1285.0,189,1,2454,2025-06-18
2025-06-18 11:29:23.960312,1285.0,1,1280.0,68,1285.0,189,1,2454,2025-06-18
2025-06-18 11:29:35.777914,1280.0,1,1280.0,68,1285.0,187,2,2454,2025-06-18
2025-06-18 11:29:35.849798,1285.0,1,1280.0,68,1285.0,186,1,2454,2025-06-18
2025-06-18 11:29:44.118265,1285.0,1,1280.0,68,1285.0,185,1,2454,2025-06-18
2025-06-18 11:30:05.453273,1285.0,1,1280.0,68,1285.0,182,1,2454,2025-06-18
2025-06-18 11:30:15.391591,1285.0,1,1280.0,70,1285.0,177,1,2454,2025-06-18
2025-06-18 11:30:37.164489,1285.0,1,1280.0,71,1285.0,173,1,2454,2025-06-18
2025-06-18 11:30:37.700129,1285.0,1,1280.0,71,1285.0,172,1,2454,2025-06-18
2025-06-18 11:30:50.774940,1280.0,1,1280.0,98,1285.0,172,2,2454,2025-06-18
2025-06-18 11:31:08.044052,1285.0,1,1280.0,102,1285.0,176,1,2454,2025-06-18
2025-06-18 11:31:22.155304,1285.0,1,1280.0,105,1285.0,176,1,2454,2025-06-18
2025-06-18 11:32:06.775746,1280.0,1,1280.0,113,1285.0,180,2,2454,2025-06-18
2025-06-18 11:32:11.482244,1285.0,1,1280.0,109,1285.0,179,1,2454,2025-06-18
2025-06-18 11:32:47.580856,1285.0,1,1280.0,107,1285.0,183,1,2454,2025-06-18
2025-06-18 11:33:17.774132,1285.0,1,1280.0,113,1285.0,182,1,2454,2025-06-18
2025-06-18 11:33:22.784647,1280.0,1,1280.0,108,1285.0,183,2,2454,2025-06-18
2025-06-18 11:33:52.777209,1285.0,1,1280.0,117,1285.0,182,1,2454,2025-06-18
2025-06-18 11:33:56.612163,1280.0,1,1280.0,112,1285.0,182,2,2454,2025-06-18
2025-06-18 11:34:38.779671,1280.0,1,1280.0,114,1285.0,183,2,2454,2025-06-18
2025-06-18 11:34:57.900628,1285.0,1,1280.0,110,1285.0,184,1,2454,2025-06-18
2025-06-18 11:35:53.780708,1280.0,1,1280.0,114,1285.0,196,2,2454,2025-06-18
2025-06-18 11:36:35.925192,1280.0,1,1280.0,112,1285.0,196,2,2454,2025-06-18
2025-06-18 11:37:08.342063,1285.0,1,1280.0,119,1285.0,195,1,2454,2025-06-18
2025-06-18 11:37:09.787646,1280.0,1,1280.0,118,1285.0,195,2,2454,2025-06-18
2025-06-18 11:37:19.228653,1285.0,1,1280.0,118,1285.0,195,1,2454,2025-06-18
2025-06-18 11:38:03.586293,1285.0,1,1280.0,120,1285.0,198,1,2454,2025-06-18
2025-06-18 11:38:25.779219,1280.0,1,1280.0,119,1285.0,200,2,2454,2025-06-18
2025-06-18 11:38:36.598530,1280.0,1,1280.0,118,1285.0,201,2,2454,2025-06-18
2025-06-18 11:38:57.168075,1285.0,1,1280.0,118,1285.0,201,1,2454,2025-06-18
2025-06-18 11:39:18.749263,1285.0,1,1280.0,118,1285.0,201,1,2454,2025-06-18
2025-06-18 11:39:40.780708,1280.0,1,1280.0,120,1285.0,202,2,2454,2025-06-18
2025-06-18 11:39:54.844259,1280.0,1,1280.0,119,1285.0,203,2,2454,2025-06-18
2025-06-18 11:40:35.316381,1285.0,1,1280.0,120,1285.0,209,1,2454,2025-06-18
2025-06-18 11:40:50.176371,1285.0,1,1280.0,124,1285.0,208,1,2454,2025-06-18
2025-06-18 11:40:56.787188,1280.0,1,1280.0,123,1285.0,208,2,2454,2025-06-18
2025-06-18 11:41:01.630525,1285.0,1,1280.0,123,1285.0,207,1,2454,2025-06-18
2025-06-18 11:41:18.522557,1280.0,1,1280.0,121,1285.0,209,2,2454,2025-06-18
2025-06-18 11:41:29.210359,1285.0,1,1280.0,123,1285.0,212,1,2454,2025-06-18
2025-06-18 11:41:47.779026,1280.0,1,1280.0,124,1285.0,217,2,2454,2025-06-18
2025-06-18 11:42:50.550320,1280.0,1,1280.0,125,1285.0,226,2,2454,2025-06-18
2025-06-18 11:43:02.793768,1280.0,1,1280.0,124,1285.0,226,2,2454,2025-06-18
2025-06-18 11:43:20.106668,1285.0,1,1280.0,124,1285.0,227,1,2454,2025-06-18
2025-06-18 11:43:31.644388,1285.0,1,1280.0,127,1285.0,226,1,2454,2025-06-18
2025-06-18 11:43:39.619799,1285.0,1,1280.0,127,1285.0,225,1,2454,2025-06-18
2025-06-18 11:43:44.542704,1285.0,3,1280.0,128,1285.0,222,1,2454,2025-06-18
2025-06-18 11:43:49.372689,1280.0,1,1280.0,127,1285.0,222,2,2454,2025-06-18
2025-06-18 11:44:18.781841,1280.0,1,1280.0,126,1285.0,221,2,2454,2025-06-18
2025-06-18 11:44:19.154404,1280.0,1,1280.0,125,1285.0,221,2,2454,2025-06-18
2025-06-18 11:44:24.399492,1285.0,1,1280.0,126,1285.0,220,1,2454,2025-06-18
2025-06-18 11:44:26.919203,1285.0,1,1280.0,125,1285.0,219,1,2454,2025-06-18
2025-06-18 11:44:53.935107,1280.0,1,1280.0,125,1285.0,221,2,2454,2025-06-18
2025-06-18 11:45:34.788512,1280.0,1,1280.0,124,1285.0,219,2,2454,2025-06-18
2025-06-18 11:45:50.108107,1285.0,1,1280.0,124,1285.0,219,1,2454,2025-06-18
2025-06-18 11:45:57.228911,1285.0,1,1280.0,126,1285.0,218,1,2454,2025-06-18
2025-06-18 11:46:04.297334,1285.0,1,1280.0,126,1285.0,218,1,2454,2025-06-18
2025-06-18 11:46:04.656694,1280.0,1,1280.0,124,1285.0,218,2,2454,2025-06-18
2025-06-18 11:46:47.687254,1285.0,1,1280.0,123,1285.0,219,1,2454,2025-06-18
2025-06-18 11:46:49.777106,1280.0,1,1280.0,122,1285.0,219,2,2454,2025-06-18
2025-06-18 11:47:00.515285,1285.0,1,1280.0,118,1285.0,218,1,2454,2025-06-18
2025-06-18 11:47:59.945248,1280.0,1,1280.0,127,1285.0,218,2,2454,2025-06-18
2025-06-18 11:48:00.636912,1285.0,1,1280.0,127,1285.0,217,1,2454,2025-06-18
2025-06-18 11:48:05.776025,1280.0,1,1280.0,131,1285.0,217,2,2454,2025-06-18
2025-06-18 11:48:19.988351,1285.0,1,1280.0,132,1285.0,216,1,2454,2025-06-18
2025-06-18 11:48:35.486849,1285.0,1,1280.0,134,1285.0,218,1,2454,2025-06-18
2025-06-18 11:48:41.297235,1285.0,1,1280.0,133,1285.0,217,1,2454,2025-06-18
2025-06-18 11:48:51.052313,1280.0,1,1280.0,129,1285.0,217,2,2454,2025-06-18
2025-06-18 11:49:20.679291,1285.0,5,1280.0,133,1285.0,213,1,2454,2025-06-18
2025-06-18 11:49:21.779095,1280.0,1,1280.0,132,1285.0,213,2,2454,2025-06-18
2025-06-18 11:49:49.954955,1280.0,1,1280.0,130,1285.0,214,2,2454,2025-06-18
2025-06-18 11:50:11.024120,1285.0,1,1280.0,130,1285.0,212,1,2454,2025-06-18
2025-06-18 11:50:37.777184,1280.0,1,1280.0,133,1285.0,215,2,2454,2025-06-18
2025-06-18 11:50:38.595563,1285.0,1,1280.0,133,1285.0,214,1,2454,2025-06-18
2025-06-18 11:51:00.883935,1285.0,1,1280.0,133,1285.0,214,1,2454,2025-06-18
2025-06-18 11:51:49.973959,1280.0,1,1280.0,133,1285.0,231,2,2454,2025-06-18
2025-06-18 11:51:52.775089,1280.0,1,1280.0,132,1285.0,232,2,2454,2025-06-18
2025-06-18 11:52:21.377421,1285.0,1,1280.0,133,1285.0,232,1,2454,2025-06-18
2025-06-18 11:53:08.773427,1280.0,1,1280.0,133,1285.0,254,2,2454,2025-06-18
2025-06-18 11:53:09.510950,1280.0,1,1280.0,132,1285.0,254,2,2454,2025-06-18
2025-06-18 11:53:11.930241,1280.0,1,1280.0,131,1285.0,254,2,2454,2025-06-18
2025-06-18 11:53:15.232277,1285.0,1,1280.0,131,1285.0,253,1,2454,2025-06-18
2025-06-18 11:53:44.058160,1285.0,1,1280.0,131,1285.0,255,1,2454,2025-06-18
2025-06-18 11:53:46.062634,1280.0,1,1280.0,130,1285.0,255,2,2454,2025-06-18
2025-06-18 11:53:56.520549,1280.0,1,1280.0,129,1285.0,255,2,2454,2025-06-18
2025-06-18 11:53:59.995876,1280.0,1,1280.0,128,1285.0,255,2,2454,2025-06-18
2025-06-18 11:54:24.774363,1280.0,1,1280.0,128,1285.0,264,2,2454,2025-06-18
2025-06-18 11:54:31.850171,1285.0,1,1280.0,128,1285.0,264,1,2454,2025-06-18
2025-06-18 11:55:39.771444,1280.0,1,1280.0,128,1285.0,265,2,2454,2025-06-18
2025-06-18 11:55:52.632430,1280.0,1,1280.0,128,1285.0,265,2,2454,2025-06-18
2025-06-18 11:56:00.214119,1280.0,2,1280.0,126,1285.0,270,2,2454,2025-06-18
2025-06-18 11:56:01.242862,1280.0,2,1280.0,124,1285.0,270,2,2454,2025-06-18
2025-06-18 11:56:29.291709,1285.0,1,1280.0,124,1285.0,278,1,2454,2025-06-18
2025-06-18 11:56:29.307594,1285.0,1,1280.0,124,1285.0,277,1,2454,2025-06-18
2025-06-18 11:56:30.774317,1280.0,1,1280.0,123,1285.0,277,2,2454,2025-06-18
2025-06-18 11:56:42.311124,1285.0,1,1280.0,123,1285.0,275,1,2454,2025-06-18
2025-06-18 11:57:06.892004,1285.0,1,1280.0,121,1285.0,276,1,2454,2025-06-18
2025-06-18 11:57:07.818591,1280.0,1,1280.0,120,1285.0,276,2,2454,2025-06-18
2025-06-18 11:57:39.551336,1280.0,1,1280.0,119,1285.0,279,2,2454,2025-06-18
2025-06-18 11:57:46.772242,1280.0,1,1280.0,118,1285.0,284,2,2454,2025-06-18
2025-06-18 11:57:49.699182,1280.0,1,1280.0,118,1285.0,283,2,2454,2025-06-18
2025-06-18 11:58:10.838593,1280.0,5,1280.0,113,1285.0,283,2,2454,2025-06-18
2025-06-18 11:58:10.843242,1280.0,4,1280.0,109,1285.0,285,2,2454,2025-06-18
2025-06-18 11:58:10.843319,1280.0,4,1280.0,105,1285.0,285,2,2454,2025-06-18
2025-06-18 11:58:10.847751,1280.0,1,1280.0,104,1285.0,288,2,2454,2025-06-18
2025-06-18 11:58:10.848954,1280.0,1,1280.0,103,1285.0,288,2,2454,2025-06-18
2025-06-18 11:58:10.853745,1280.0,2,1280.0,101,1285.0,286,2,2454,2025-06-18
2025-06-18 11:58:10.854114,1280.0,2,1280.0,99,1285.0,286,2,2454,2025-06-18
2025-06-18 11:58:10.856664,1280.0,1,1280.0,98,1285.0,286,2,2454,2025-06-18
2025-06-18 11:58:10.858087,1280.0,2,1280.0,96,1285.0,286,2,2454,2025-06-18
2025-06-18 11:58:10.874690,1280.0,83,1280.0,13,1285.0,286,2,2454,2025-06-18
2025-06-18 11:58:10.878568,1280.0,3,1280.0,10,1285.0,288,2,2454,2025-06-18
2025-06-18 11:58:10.885397,1280.0,1,1280.0,9,1285.0,288,2,2454,2025-06-18
2025-06-18 11:58:10.885515,1280.0,9,1275.0,339,1285.0,288,2,2454,2025-06-18
2025-06-18 11:58:10.924801,1280.0,2,1275.0,325,1280.0,12,1,2454,2025-06-18
2025-06-18 11:58:10.944495,1280.0,2,1275.0,327,1280.0,31,1,2454,2025-06-18
2025-06-18 11:58:10.954081,1280.0,6,1275.0,327,1280.0,25,1,2454,2025-06-18
2025-06-18 11:58:10.965613,1280.0,1,1275.0,325,1280.0,24,1,2454,2025-06-18
2025-06-18 11:58:10.989631,1280.0,1,1275.0,327,1280.0,21,1,2454,2025-06-18
2025-06-18 11:58:11.965842,1275.0,5,1275.0,326,1280.0,24,2,2454,2025-06-18
2025-06-18 11:58:13.602938,1275.0,5,1275.0,329,1280.0,29,2,2454,2025-06-18
2025-06-18 11:58:52.704726,1280.0,1,1275.0,330,1280.0,48,1,2454,2025-06-18
2025-06-18 11:59:01.771406,1275.0,1,1275.0,335,1280.0,48,2,2454,2025-06-18
2025-06-18 11:59:27.540878,1280.0,1,1275.0,326,1280.0,50,1,2454,2025-06-18
2025-06-18 11:59:27.893706,1275.0,1,1275.0,325,1280.0,50,2,2454,2025-06-18
2025-06-18 11:59:38.338654,1280.0,1,1275.0,326,1280.0,50,1,2454,2025-06-18
2025-06-18 11:59:46.777473,1280.0,1,1275.0,326,1280.0,52,1,2454,2025-06-18
2025-06-18 11:59:55.914273,1275.0,1,1275.0,325,1280.0,53,2,2454,2025-06-18
2025-06-18 12:00:02.661053,1275.0,5,1275.0,318,1280.0,57,2,2454,2025-06-18
2025-06-18 12:00:17.770159,1275.0,1,1275.0,316,1280.0,61,2,2454,2025-06-18
2025-06-18 12:00:29.757002,1280.0,1,1275.0,318,1280.0,63,1,2454,2025-06-18
2025-06-18 12:00:49.819916,1280.0,1,1275.0,321,1280.0,65,1,2454,2025-06-18
2025-06-18 12:01:03.087752,1280.0,1,1275.0,321,1280.0,63,1,2454,2025-06-18
2025-06-18 12:01:19.775585,1275.0,1,1275.0,318,1280.0,64,2,2454,2025-06-18
2025-06-18 12:01:25.372715,1280.0,1,1275.0,318,1280.0,64,1,2454,2025-06-18
2025-06-18 12:01:29.942856,1275.0,1,1275.0,318,1280.0,64,2,2454,2025-06-18
2025-06-18 12:01:33.765789,1275.0,1,1275.0,317,1280.0,63,2,2454,2025-06-18
2025-06-18 12:02:08.610745,1280.0,1,1275.0,323,1280.0,65,1,2454,2025-06-18
2025-06-18 12:02:49.662889,1280.0,1,1275.0,321,1280.0,67,1,2454,2025-06-18
2025-06-18 12:02:49.721642,1280.0,1,1275.0,320,1280.0,66,1,2454,2025-06-18
2025-06-18 12:02:49.731109,1280.0,1,1275.0,319,1280.0,65,1,2454,2025-06-18
2025-06-18 12:02:49.740529,1280.0,4,1275.0,315,1280.0,61,1,2454,2025-06-18
2025-06-18 12:02:49.748918,1280.0,4,1275.0,311,1280.0,57,1,2454,2025-06-18
2025-06-18 12:02:49.765356,1275.0,1,1275.0,310,1280.0,57,2,2454,2025-06-18
2025-06-18 12:03:13.520430,1280.0,1,1275.0,314,1280.0,61,1,2454,2025-06-18
2025-06-18 12:03:14.316085,1280.0,1,1275.0,315,1280.0,60,1,2454,2025-06-18
2025-06-18 12:03:50.151361,1280.0,1,1275.0,332,1280.0,55,1,2454,2025-06-18
2025-06-18 12:04:04.767657,1275.0,1,1275.0,332,1280.0,58,2,2454,2025-06-18
2025-06-18 12:04:26.848758,1280.0,1,1275.0,333,1280.0,58,1,2454,2025-06-18
2025-06-18 12:04:33.298923,1280.0,1,1275.0,333,1280.0,57,1,2454,2025-06-18
2025-06-18 12:05:20.767240,1275.0,1,1275.0,333,1280.0,57,2,2454,2025-06-18
2025-06-18 12:05:23.748839,1280.0,1,1275.0,333,1280.0,56,1,2454,2025-06-18
2025-06-18 12:05:35.027351,1280.0,1,1275.0,333,1280.0,56,1,2454,2025-06-18
2025-06-18 12:06:15.372294,1280.0,1,1275.0,327,1280.0,57,1,2454,2025-06-18
2025-06-18 12:06:32.164092,1280.0,1,1275.0,327,1280.0,56,1,2454,2025-06-18
2025-06-18 12:06:36.765036,1275.0,1,1275.0,433,1280.0,58,2,2454,2025-06-18
2025-06-18 12:06:38.120814,1280.0,1,1275.0,433,1280.0,57,1,2454,2025-06-18
2025-06-18 12:07:09.801487,1280.0,1,1275.0,432,1280.0,56,1,2454,2025-06-18
2025-06-18 12:07:34.143587,1280.0,1,1275.0,432,1280.0,56,1,2454,2025-06-18
2025-06-18 12:07:51.766986,1275.0,1,1275.0,436,1280.0,55,2,2454,2025-06-18
2025-06-18 12:08:32.591409,1280.0,1,1275.0,439,1280.0,54,1,2454,2025-06-18
2025-06-18 12:09:07.763237,1275.0,1,1275.0,440,1280.0,49,2,2454,2025-06-18
2025-06-18 12:09:44.534192,1280.0,1,1275.0,437,1280.0,48,1,2454,2025-06-18
2025-06-18 12:09:44.811773,1280.0,1,1275.0,437,1280.0,48,1,2454,2025-06-18
2025-06-18 12:09:47.932233,1275.0,1,1275.0,436,1280.0,48,2,2454,2025-06-18
2025-06-18 12:10:23.762502,1275.0,1,1275.0,436,1280.0,50,2,2454,2025-06-18
2025-06-18 12:10:31.075658,1280.0,1,1275.0,439,1280.0,49,1,2454,2025-06-18
2025-06-18 12:11:01.999584,1280.0,1,1275.0,442,1280.0,51,1,2454,2025-06-18
2025-06-18 12:11:13.760611,1275.0,1,1275.0,439,1280.0,52,2,2454,2025-06-18
2025-06-18 12:11:17.963432,1280.0,1,1275.0,439,1280.0,51,1,2454,2025-06-18
2025-06-18 12:11:21.623691,1280.0,1,1275.0,439,1280.0,50,1,2454,2025-06-18
2025-06-18 12:11:48.332844,1275.0,1,1275.0,439,1280.0,51,2,2454,2025-06-18
2025-06-18 12:11:54.968039,1280.0,1,1275.0,439,1280.0,51,1,2454,2025-06-18
2025-06-18 12:12:29.766198,1275.0,1,1275.0,432,1280.0,54,2,2454,2025-06-18
2025-06-18 12:12:40.733261,1280.0,1,1275.0,435,1280.0,52,1,2454,2025-06-18
2025-06-18 12:13:25.117813,1275.0,1,1275.0,433,1280.0,54,2,2454,2025-06-18
2025-06-18 12:13:45.757468,1275.0,1,1275.0,435,1280.0,55,2,2454,2025-06-18
2025-06-18 12:13:56.929185,1280.0,1,1275.0,435,1280.0,55,1,2454,2025-06-18
2025-06-18 12:13:57.663905,1280.0,2,1275.0,435,1280.0,53,1,2454,2025-06-18
2025-06-18 12:13:58.214853,1280.0,1,1275.0,435,1280.0,52,1,2454,2025-06-18
2025-06-18 12:14:00.016885,1280.0,1,1275.0,435,1280.0,51,1,2454,2025-06-18
2025-06-18 12:14:05.385825,1280.0,1,1275.0,439,1280.0,50,1,2454,2025-06-18
2025-06-18 12:14:06.357586,1280.0,1,1275.0,439,1280.0,49,1,2454,2025-06-18
2025-06-18 12:14:07.735074,1280.0,1,1275.0,439,1280.0,48,1,2454,2025-06-18
2025-06-18 12:14:08.310894,1280.0,1,1275.0,438,1280.0,47,1,2454,2025-06-18
2025-06-18 12:14:08.457931,1280.0,1,1275.0,438,1280.0,46,1,2454,2025-06-18
2025-06-18 12:14:12.356197,1280.0,1,1275.0,438,1280.0,45,1,2454,2025-06-18
2025-06-18 12:14:15.323270,1280.0,1,1275.0,438,1280.0,44,1,2454,2025-06-18
2025-06-18 12:14:16.447818,1280.0,1,1275.0,438,1280.0,43,1,2454,2025-06-18
2025-06-18 12:14:16.513135,1280.0,1,1275.0,437,1280.0,42,1,2454,2025-06-18
2025-06-18 12:14:21.140444,1280.0,1,1275.0,434,1280.0,41,1,2454,2025-06-18
2025-06-18 12:14:59.311001,1280.0,1,1275.0,436,1280.0,41,1,2454,2025-06-18
2025-06-18 12:14:59.668065,1275.0,1,1275.0,435,1280.0,41,2,2454,2025-06-18
2025-06-18 12:15:00.759581,1275.0,1,1275.0,431,1280.0,41,2,2454,2025-06-18
2025-06-18 12:15:07.591687,1280.0,1,1275.0,435,1280.0,40,1,2454,2025-06-18
2025-06-18 12:15:09.724730,1280.0,1,1275.0,435,1280.0,39,1,2454,2025-06-18
2025-06-18 12:15:15.306950,1280.0,1,1275.0,435,1280.0,38,1,2454,2025-06-18
2025-06-18 12:15:18.427903,1280.0,1,1275.0,435,1280.0,37,1,2454,2025-06-18
2025-06-18 12:15:37.226999,1280.0,1,1275.0,432,1280.0,36,1,2454,2025-06-18
2025-06-18 12:16:15.761496,1280.0,1,1275.0,435,1280.0,38,1,2454,2025-06-18
2025-06-18 12:16:16.756856,1275.0,1,1275.0,434,1280.0,38,2,2454,2025-06-18
2025-06-18 12:16:32.805812,1275.0,1,1275.0,436,1280.0,38,2,2454,2025-06-18
2025-06-18 12:17:08.317960,1280.0,1,1275.0,434,1280.0,38,1,2454,2025-06-18
2025-06-18 12:17:32.760771,1275.0,1,1275.0,437,1280.0,37,2,2454,2025-06-18
2025-06-18 12:17:50.262923,1280.0,1,1275.0,437,1280.0,36,1,2454,2025-06-18
2025-06-18 12:18:04.636609,1275.0,1,1275.0,435,1280.0,36,2,2454,2025-06-18
2025-06-18 12:18:05.932929,1275.0,1,1275.0,434,1280.0,36,2,2454,2025-06-18
2025-06-18 12:18:26.241907,1280.0,1,1275.0,438,1280.0,41,1,2454,2025-06-18
2025-06-18 12:18:44.270502,1280.0,1,1275.0,438,1280.0,34,1,2454,2025-06-18
2025-06-18 12:18:45.431766,1280.0,1,1275.0,436,1280.0,33,1,2454,2025-06-18
2025-06-18 12:18:48.768121,1275.0,1,1275.0,435,1280.0,33,2,2454,2025-06-18
2025-06-18 12:18:58.203752,1280.0,1,1275.0,437,1280.0,32,1,2454,2025-06-18
2025-06-18 12:19:32.197066,1280.0,1,1275.0,434,1280.0,33,1,2454,2025-06-18
2025-06-18 12:19:32.292429,1280.0,1,1275.0,433,1280.0,32,1,2454,2025-06-18
2025-06-18 12:19:32.301897,1280.0,1,1275.0,432,1280.0,31,1,2454,2025-06-18
2025-06-18 12:19:35.326970,1280.0,1,1275.0,431,1280.0,34,1,2454,2025-06-18
2025-06-18 12:19:38.323604,1280.0,1,1275.0,430,1280.0,33,1,2454,2025-06-18
2025-06-18 12:20:03.752600,1275.0,1,1275.0,433,1280.0,37,2,2454,2025-06-18
2025-06-18 12:20:12.234686,1280.0,1,1275.0,434,1280.0,42,1,2454,2025-06-18
2025-06-18 12:20:21.824497,1280.0,1,1275.0,432,1280.0,41,1,2454,2025-06-18
2025-06-18 12:20:33.343779,1280.0,1,1275.0,429,1280.0,35,1,2454,2025-06-18
2025-06-18 12:20:36.660789,1280.0,1,1275.0,430,1280.0,34,1,2454,2025-06-18
2025-06-18 12:20:45.545342,1280.0,1,1275.0,430,1280.0,34,1,2454,2025-06-18
2025-06-18 12:21:19.754803,1275.0,1,1275.0,431,1280.0,35,2,2454,2025-06-18
2025-06-18 12:21:43.444752,1280.0,1,1275.0,433,1280.0,35,1,2454,2025-06-18
2025-06-18 12:21:44.345669,1280.0,1,1275.0,432,1280.0,34,1,2454,2025-06-18
2025-06-18 12:22:12.467653,1275.0,2,1275.0,428,1280.0,31,2,2454,2025-06-18
2025-06-18 12:22:35.755873,1275.0,1,1275.0,429,1280.0,32,2,2454,2025-06-18
2025-06-18 12:22:47.126372,1280.0,1,1275.0,429,1280.0,33,1,2454,2025-06-18
2025-06-18 12:23:16.381222,1280.0,1,1275.0,429,1280.0,32,1,2454,2025-06-18
2025-06-18 12:23:17.236453,1280.0,1,1275.0,429,1280.0,31,1,2454,2025-06-18
2025-06-18 12:23:17.269327,1280.0,2,1275.0,429,1280.0,29,1,2454,2025-06-18
2025-06-18 12:23:26.540878,1280.0,1,1275.0,432,1280.0,28,1,2454,2025-06-18
2025-06-18 12:23:50.750767,1275.0,1,1275.0,431,1280.0,30,2,2454,2025-06-18
2025-06-18 12:24:57.522956,1280.0,1,1275.0,434,1280.0,30,1,2454,2025-06-18
2025-06-18 12:25:04.998622,1280.0,1,1275.0,431,1280.0,29,1,2454,2025-06-18
2025-06-18 12:25:06.781587,1275.0,1,1275.0,430,1280.0,29,2,2454,2025-06-18
2025-06-18 12:25:07.199220,1280.0,1,1275.0,430,1280.0,28,1,2454,2025-06-18
2025-06-18 12:25:55.202564,1280.0,10,1275.0,436,1280.0,21,1,2454,2025-06-18
2025-06-18 12:25:57.753580,1275.0,1,1275.0,435,1280.0,21,2,2454,2025-06-18
2025-06-18 12:25:59.508073,1280.0,1,1275.0,432,1280.0,20,1,2454,2025-06-18
2025-06-18 12:25:59.559285,1280.0,1,1275.0,431,1280.0,19,1,2454,2025-06-18
2025-06-18 12:25:59.566889,1280.0,1,1275.0,430,1280.0,18,1,2454,2025-06-18
2025-06-18 12:25:59.574419,1280.0,1,1275.0,429,1280.0,17,1,2454,2025-06-18
2025-06-18 12:26:21.171746,1280.0,1,1275.0,433,1280.0,21,1,2454,2025-06-18
2025-06-18 12:26:23.367953,1280.0,1,1275.0,433,1280.0,20,1,2454,2025-06-18
2025-06-18 12:26:23.935057,1275.0,1,1275.0,432,1280.0,20,2,2454,2025-06-18
2025-06-18 12:26:26.964413,1280.0,1,1275.0,429,1280.0,19,1,2454,2025-06-18
2025-06-18 12:26:36.439054,1280.0,1,1275.0,433,1280.0,18,1,2454,2025-06-18
2025-06-18 12:26:53.384368,1280.0,1,1275.0,433,1280.0,19,1,2454,2025-06-18
2025-06-18 12:27:07.874954,1280.0,1,1275.0,433,1280.0,18,1,2454,2025-06-18
2025-06-18 12:27:12.748437,1275.0,1,1275.0,434,1280.0,18,2,2454,2025-06-18
2025-06-18 12:27:14.288448,1280.0,1,1275.0,433,1280.0,17,1,2454,2025-06-18
2025-06-18 12:27:23.659948,1280.0,1,1275.0,430,1280.0,14,1,2454,2025-06-18
2025-06-18 12:27:37.406897,1280.0,1,1275.0,430,1280.0,13,1,2454,2025-06-18
2025-06-18 12:27:37.471534,1280.0,13,1275.0,432,1285.0,291,1,2454,2025-06-18
2025-06-18 12:27:37.626442,1280.0,1,1280.0,4,1285.0,283,2,2454,2025-06-18
2025-06-18 12:27:38.103687,1285.0,2,1280.0,4,1285.0,286,1,2454,2025-06-18
2025-06-18 12:27:41.096386,1280.0,1,1280.0,12,1285.0,283,2,2454,2025-06-18
2025-06-18 12:28:28.752311,1280.0,1,1280.0,34,1285.0,288,2,2454,2025-06-18
2025-06-18 12:28:43.441904,1285.0,1,1280.0,34,1285.0,291,1,2454,2025-06-18
2025-06-18 12:29:18.332963,1285.0,1,1280.0,34,1285.0,293,1,2454,2025-06-18
2025-06-18 12:29:44.747614,1280.0,1,1280.0,44,1285.0,294,2,2454,2025-06-18
2025-06-18 12:29:45.714117,1280.0,4,1280.0,40,1285.0,294,2,2454,2025-06-18
2025-06-18 12:29:48.207160,1280.0,3,1280.0,37,1285.0,289,2,2454,2025-06-18
2025-06-18 12:30:00.220789,1285.0,1,1280.0,245,1285.0,283,1,2454,2025-06-18
2025-06-18 12:30:04.872965,1285.0,1,1280.0,347,1285.0,282,1,2454,2025-06-18
2025-06-18 12:30:11.977437,1285.0,1,1280.0,450,1285.0,280,1,2454,2025-06-18
2025-06-18 12:30:14.884098,1280.0,1,1280.0,550,1285.0,280,2,2454,2025-06-18
2025-06-18 12:30:25.376769,1280.0,5,1280.0,641,1285.0,279,2,2454,2025-06-18
2025-06-18 12:30:26.025858,1285.0,1,1280.0,641,1285.0,278,1,2454,2025-06-18
2025-06-18 12:30:34.885537,1280.0,1,1280.0,641,1285.0,273,2,2454,2025-06-18
2025-06-18 12:30:39.884523,1280.0,1,1280.0,641,1285.0,273,2,2454,2025-06-18
2025-06-18 12:30:44.890269,1285.0,1,1280.0,642,1285.0,271,1,2454,2025-06-18
2025-06-18 12:30:49.923183,1280.0,1,1280.0,641,1285.0,269,2,2454,2025-06-18
2025-06-18 12:30:59.745721,1280.0,1,1280.0,640,1285.0,269,2,2454,2025-06-18
2025-06-18 12:31:04.883494,1280.0,1,1280.0,639,1285.0,268,2,2454,2025-06-18
2025-06-18 12:31:04.923344,1280.0,1,1280.0,638,1285.0,268,2,2454,2025-06-18
2025-06-18 12:31:19.886822,1285.0,1,1280.0,641,1285.0,268,1,2454,2025-06-18
2025-06-18 12:31:19.923503,1280.0,1,1280.0,640,1285.0,268,2,2454,2025-06-18
2025-06-18 12:31:24.537326,1285.0,1,1280.0,642,1285.0,267,1,2454,2025-06-18
2025-06-18 12:31:27.495458,1285.0,1,1280.0,640,1285.0,266,1,2454,2025-06-18
2025-06-18 12:31:28.697798,1285.0,1,1280.0,640,1285.0,265,1,2454,2025-06-18
2025-06-18 12:31:34.885266,1280.0,1,1280.0,639,1285.0,265,2,2454,2025-06-18
2025-06-18 12:31:34.921361,1280.0,1,1280.0,638,1285.0,265,2,2454,2025-06-18
2025-06-18 12:31:44.883163,1280.0,1,1280.0,642,1285.0,265,2,2454,2025-06-18
2025-06-18 12:31:49.920606,1280.0,1,1280.0,641,1285.0,265,2,2454,2025-06-18
2025-06-18 12:31:59.883567,1280.0,1,1280.0,640,1285.0,279,2,2454,2025-06-18
2025-06-18 12:31:59.885072,1285.0,1,1280.0,640,1285.0,278,1,2454,2025-06-18
2025-06-18 12:32:04.921890,1280.0,1,1280.0,640,1285.0,279,2,2454,2025-06-18
2025-06-18 12:32:15.744401,1280.0,1,1280.0,639,1285.0,279,2,2454,2025-06-18
2025-06-18 12:32:19.921909,1280.0,1,1280.0,638,1285.0,278,2,2454,2025-06-18
2025-06-18 12:32:24.887345,1280.0,1,1280.0,637,1285.0,278,2,2454,2025-06-18
2025-06-18 12:32:26.134275,1285.0,1,1280.0,637,1285.0,276,1,2454,2025-06-18
2025-06-18 12:32:30.929062,1280.0,1,1280.0,635,1285.0,276,2,2454,2025-06-18
2025-06-18 12:32:34.908208,1285.0,1,1280.0,635,1285.0,275,1,2454,2025-06-18
2025-06-18 12:32:34.922148,1280.0,1,1280.0,634,1285.0,275,2,2454,2025-06-18
2025-06-18 12:32:49.040933,1285.0,1,1280.0,637,1285.0,274,1,2454,2025-06-18
2025-06-18 12:32:49.883805,1280.0,1,1280.0,636,1285.0,274,2,2454,2025-06-18
2025-06-18 12:32:49.919465,1280.0,1,1280.0,635,1285.0,274,2,2454,2025-06-18
2025-06-18 12:32:54.889433,1280.0,1,1280.0,636,1285.0,274,2,2454,2025-06-18
2025-06-18 12:32:56.628352,1280.0,1,1280.0,635,1285.0,273,2,2454,2025-06-18
2025-06-18 12:33:04.920540,1280.0,1,1280.0,634,1285.0,273,2,2454,2025-06-18
2025-06-18 12:33:14.885507,1280.0,1,1280.0,631,1285.0,274,2,2454,2025-06-18
2025-06-18 12:33:14.937592,1285.0,1,1280.0,631,1285.0,273,1,2454,2025-06-18
2025-06-18 12:33:19.921543,1280.0,1,1280.0,630,1285.0,274,2,2454,2025-06-18
2025-06-18 12:33:31.749539,1280.0,1,1280.0,630,1285.0,276,2,2454,2025-06-18
2025-06-18 12:33:34.923586,1280.0,1,1280.0,629,1285.0,276,2,2454,2025-06-18
2025-06-18 12:33:39.888137,1280.0,1,1280.0,628,1285.0,277,2,2454,2025-06-18
2025-06-18 12:33:40.065700,1285.0,1,1280.0,628,1285.0,276,1,2454,2025-06-18
2025-06-18 12:33:49.898648,1285.0,1,1280.0,628,1285.0,276,1,2454,2025-06-18
2025-06-18 12:33:49.920159,1280.0,1,1280.0,627,1285.0,276,2,2454,2025-06-18
2025-06-18 12:33:49.965597,1285.0,1,1280.0,626,1285.0,275,1,2454,2025-06-18
2025-06-18 12:33:50.303490,1285.0,1,1280.0,625,1285.0,274,1,2454,2025-06-18
2025-06-18 12:34:04.883653,1280.0,1,1280.0,624,1285.0,273,2,2454,2025-06-18
2025-06-18 12:34:04.923644,1280.0,1,1280.0,623,1285.0,273,2,2454,2025-06-18
2025-06-18 12:34:09.885382,1280.0,1,1280.0,622,1285.0,273,2,2454,2025-06-18
2025-06-18 12:34:11.557743,1285.0,1,1280.0,622,1285.0,271,1,2454,2025-06-18
2025-06-18 12:34:13.529332,1285.0,1,1280.0,624,1285.0,270,1,2454,2025-06-18
2025-06-18 12:34:13.583499,1285.0,1,1280.0,623,1285.0,269,1,2454,2025-06-18
2025-06-18 12:34:19.920134,1280.0,1,1280.0,624,1285.0,269,2,2454,2025-06-18
2025-06-18 12:34:26.224329,1280.0,1,1280.0,623,1285.0,283,2,2454,2025-06-18
2025-06-18 12:34:29.907438,1285.0,1,1280.0,622,1285.0,282,1,2454,2025-06-18
2025-06-18 12:34:34.884704,1280.0,1,1280.0,621,1285.0,283,2,2454,2025-06-18
2025-06-18 12:34:34.921954,1280.0,1,1280.0,620,1285.0,283,2,2454,2025-06-18
2025-06-18 12:34:41.900180,1280.0,1,1280.0,619,1285.0,283,2,2454,2025-06-18
2025-06-18 12:34:47.745137,1280.0,1,1280.0,618,1285.0,283,2,2454,2025-06-18
2025-06-18 12:34:49.919582,1280.0,1,1280.0,617,1285.0,283,2,2454,2025-06-18
2025-06-18 12:34:59.889011,1280.0,1,1280.0,616,1285.0,286,2,2454,2025-06-18
2025-06-18 12:35:00.872181,1280.0,1,1280.0,615,1285.0,286,2,2454,2025-06-18
2025-06-18 12:35:04.922457,1280.0,1,1280.0,613,1285.0,286,2,2454,2025-06-18
2025-06-18 12:35:04.951693,1285.0,1,1280.0,613,1285.0,285,1,2454,2025-06-18
2025-06-18 12:35:09.132021,1285.0,1,1280.0,613,1285.0,285,1,2454,2025-06-18
2025-06-18 12:35:14.886920,1280.0,1,1280.0,612,1285.0,285,2,2454,2025-06-18
2025-06-18 12:35:19.922912,1280.0,1,1280.0,611,1285.0,285,2,2454,2025-06-18
2025-06-18 12:35:24.609767,1280.0,1,1280.0,614,1285.0,285,2,2454,2025-06-18
2025-06-18 12:35:24.883134,1280.0,1,1280.0,613,1285.0,285,2,2454,2025-06-18
2025-06-18 12:35:34.923028,1280.0,1,1280.0,612,1285.0,286,2,2454,2025-06-18
2025-06-18 12:35:38.048774,1285.0,1,1280.0,612,1285.0,287,1,2454,2025-06-18
2025-06-18 12:35:44.913801,1285.0,1,1280.0,614,1285.0,287,1,2454,2025-06-18
2025-06-18 12:35:49.571750,1285.0,1,1280.0,612,1285.0,286,1,2454,2025-06-18
2025-06-18 12:35:49.885638,1280.0,1,1280.0,611,1285.0,286,2,2454,2025-06-18
2025-06-18 12:35:49.921736,1280.0,1,1280.0,610,1285.0,286,2,2454,2025-06-18
2025-06-18 12:36:02.744754,1280.0,1,1280.0,609,1285.0,289,2,2454,2025-06-18
2025-06-18 12:36:04.923043,1280.0,1,1280.0,608,1285.0,289,2,2454,2025-06-18
2025-06-18 12:36:14.886886,1280.0,1,1280.0,609,1285.0,298,2,2454,2025-06-18
2025-06-18 12:36:19.886883,1280.0,1,1280.0,608,1285.0,299,2,2454,2025-06-18
2025-06-18 12:36:19.901144,1285.0,1,1280.0,608,1285.0,298,1,2454,2025-06-18
2025-06-18 12:36:19.922849,1280.0,1,1280.0,607,1285.0,298,2,2454,2025-06-18
2025-06-18 12:36:34.920264,1280.0,1,1280.0,604,1285.0,299,2,2454,2025-06-18
2025-06-18 12:36:44.884918,1280.0,1,1280.0,603,1285.0,301,2,2454,2025-06-18
2025-06-18 12:36:49.920384,1280.0,1,1280.0,604,1285.0,298,2,2454,2025-06-18
2025-06-18 12:36:55.465130,1285.0,1,1280.0,604,1285.0,298,1,2454,2025-06-18
2025-06-18 12:36:59.875314,1285.0,1,1280.0,605,1285.0,300,1,2454,2025-06-18
2025-06-18 12:37:02.529539,1285.0,1,1280.0,605,1285.0,300,1,2454,2025-06-18
2025-06-18 12:37:04.918706,1280.0,1,1280.0,602,1285.0,300,2,2454,2025-06-18
2025-06-18 12:37:09.888664,1280.0,1,1280.0,602,1285.0,301,2,2454,2025-06-18
2025-06-18 12:37:18.743556,1280.0,1,1280.0,601,1285.0,301,2,2454,2025-06-18
2025-06-18 12:37:19.922973,1280.0,1,1280.0,600,1285.0,301,2,2454,2025-06-18
2025-06-18 12:37:29.885809,1280.0,1,1280.0,602,1285.0,304,2,2454,2025-06-18
2025-06-18 12:37:30.801094,1280.0,1,1280.0,601,1285.0,304,2,2454,2025-06-18
2025-06-18 12:37:34.614828,1280.0,6,1280.0,597,1285.0,305,2,2454,2025-06-18
2025-06-18 12:37:34.646996,1280.0,4,1280.0,593,1285.0,307,2,2454,2025-06-18
2025-06-18 12:37:34.648325,1280.0,10,1280.0,583,1285.0,307,2,2454,2025-06-18
2025-06-18 12:37:34.664874,1280.0,14,1280.0,597,1285.0,307,2,2454,2025-06-18
2025-06-18 12:37:34.701792,1280.0,32,1280.0,537,1285.0,310,2,2454,2025-06-18
2025-06-18 12:37:34.736122,1280.0,48,1280.0,489,1285.0,310,2,2454,2025-06-18
2025-06-18 12:37:34.886117,1280.0,1,1280.0,488,1285.0,314,2,2454,2025-06-18
2025-06-18 12:37:34.907304,1285.0,1,1280.0,488,1285.0,313,1,2454,2025-06-18
2025-06-18 12:37:34.923356,1280.0,1,1280.0,487,1285.0,311,2,2454,2025-06-18
2025-06-18 12:37:35.742559,1280.0,3,1280.0,484,1285.0,311,2,2454,2025-06-18
2025-06-18 12:37:37.649195,1280.0,5,1280.0,479,1285.0,311,2,2454,2025-06-18
2025-06-18 12:37:39.990241,1280.0,5,1280.0,472,1285.0,311,2,2454,2025-06-18
2025-06-18 12:37:41.730437,1280.0,5,1280.0,467,1285.0,311,2,2454,2025-06-18
2025-06-18 12:37:41.762127,1280.0,54,1280.0,413,1285.0,311,2,2454,2025-06-18
2025-06-18 12:37:42.308212,1285.0,1,1280.0,412,1285.0,312,1,2454,2025-06-18
2025-06-18 12:37:43.622253,1280.0,5,1280.0,408,1285.0,312,2,2454,2025-06-18
2025-06-18 12:37:45.734749,1280.0,1,1280.0,407,1285.0,312,2,2454,2025-06-18
2025-06-18 12:37:46.468861,1280.0,5,1280.0,402,1285.0,312,2,2454,2025-06-18
2025-06-18 12:37:48.333852,1280.0,5,1280.0,397,1285.0,314,2,2454,2025-06-18
2025-06-18 12:37:49.922456,1280.0,1,1280.0,396,1285.0,313,2,2454,2025-06-18
2025-06-18 12:37:51.810737,1280.0,5,1280.0,391,1285.0,312,2,2454,2025-06-18
2025-06-18 12:37:55.367169,1280.0,5,1280.0,386,1285.0,313,2,2454,2025-06-18
2025-06-18 12:37:58.877890,1280.0,3,1280.0,383,1285.0,315,2,2454,2025-06-18
2025-06-18 12:37:59.824317,1280.0,2,1280.0,381,1285.0,313,2,2454,2025-06-18
2025-06-18 12:37:59.889340,1280.0,1,1280.0,380,1285.0,313,2,2454,2025-06-18
2025-06-18 12:37:59.943207,1285.0,1,1280.0,380,1285.0,313,1,2454,2025-06-18
2025-06-18 12:37:59.995465,1285.0,1,1280.0,380,1285.0,312,1,2454,2025-06-18
2025-06-18 12:38:00.329976,1280.0,2,1280.0,378,1285.0,312,2,2454,2025-06-18
2025-06-18 12:38:02.024451,1280.0,10,1280.0,368,1285.0,312,2,2454,2025-06-18
2025-06-18 12:38:03.660316,1280.0,1,1280.0,367,1285.0,312,2,2454,2025-06-18
2025-06-18 12:38:04.922107,1280.0,1,1280.0,366,1285.0,312,2,2454,2025-06-18
2025-06-18 12:38:05.399563,1280.0,1,1280.0,365,1285.0,312,2,2454,2025-06-18
2025-06-18 12:38:06.055625,1280.0,1,1280.0,364,1285.0,312,2,2454,2025-06-18
2025-06-18 12:38:07.685358,1280.0,1,1280.0,363,1285.0,314,2,2454,2025-06-18
2025-06-18 12:38:10.188613,1280.0,1,1280.0,362,1285.0,315,2,2454,2025-06-18
2025-06-18 12:38:14.884771,1285.0,1,1280.0,361,1285.0,316,1,2454,2025-06-18
2025-06-18 12:38:14.907129,1280.0,2,1280.0,359,1285.0,316,2,2454,2025-06-18
2025-06-18 12:38:18.044159,1280.0,1,1280.0,358,1285.0,317,2,2454,2025-06-18
2025-06-18 12:38:19.921397,1280.0,1,1280.0,357,1285.0,317,2,2454,2025-06-18
2025-06-18 12:38:24.884304,1280.0,1,1280.0,356,1285.0,321,2,2454,2025-06-18
2025-06-18 12:38:27.036536,1285.0,1,1280.0,356,1285.0,321,1,2454,2025-06-18
2025-06-18 12:38:33.488246,1280.0,1,1280.0,355,1285.0,321,2,2454,2025-06-18
2025-06-18 12:38:34.745014,1280.0,1,1280.0,354,1285.0,321,2,2454,2025-06-18
2025-06-18 12:38:34.919230,1280.0,1,1280.0,353,1285.0,321,2,2454,2025-06-18
2025-06-18 12:38:39.884814,1280.0,1,1280.0,352,1285.0,321,2,2454,2025-06-18
