ts,close,volume,bid_price,bid_volume,ask_price,ask_volume,tick_type,code,date
2025-06-16 09:00:12.019397,1260.0,143,1255.0,10,1260.0,49,1,2454,2025-06-16
2025-06-16 09:00:12.050068,1255.0,3,1255.0,7,1260.0,51,2,2454,2025-06-16
2025-06-16 09:00:12.091578,1260.0,1,1255.0,7,1260.0,49,1,2454,2025-06-16
2025-06-16 09:00:12.115823,1260.0,1,1255.0,12,1260.0,48,1,2454,2025-06-16
2025-06-16 09:00:12.141390,1260.0,4,1255.0,14,1260.0,43,1,2454,2025-06-16
2025-06-16 09:00:12.161699,1255.0,1,1255.0,17,1260.0,43,2,2454,2025-06-16
2025-06-16 09:00:12.244621,1260.0,39,1255.0,40,1260.0,39,1,2454,2025-06-16
2025-06-16 09:00:12.279042,1260.0,1,1255.0,40,1265.0,181,1,2454,2025-06-16
2025-06-16 09:00:12.279070,1260.0,1,1260.0,1,1265.0,181,2,2454,2025-06-16
2025-06-16 09:00:12.338860,1265.0,5,1260.0,3,1265.0,176,1,2454,2025-06-16
2025-06-16 09:00:12.401267,1265.0,1,1260.0,5,1265.0,175,1,2454,2025-06-16
2025-06-16 09:00:12.687945,1265.0,2,1260.0,6,1265.0,181,1,2454,2025-06-16
2025-06-16 09:00:19.013324,1265.0,1,1260.0,61,1265.0,157,1,2454,2025-06-16
2025-06-16 09:00:19.058466,1265.0,34,1260.0,61,1265.0,123,1,2454,2025-06-16
2025-06-16 09:00:19.086765,1265.0,78,1260.0,61,1265.0,45,1,2454,2025-06-16
2025-06-16 09:00:19.087085,1265.0,4,1260.0,63,1265.0,41,1,2454,2025-06-16
2025-06-16 09:00:19.120087,1265.0,2,1260.0,64,1265.0,39,1,2454,2025-06-16
2025-06-16 09:00:19.126527,1265.0,4,1260.0,68,1265.0,35,1,2454,2025-06-16
2025-06-16 09:00:19.128104,1265.0,34,1260.0,69,1265.0,1,1,2454,2025-06-16
2025-06-16 09:00:19.156410,1265.0,1,1265.0,9,1270.0,155,1,2454,2025-06-16
2025-06-16 09:00:19.231498,1270.0,9,1265.0,21,1270.0,144,1,2454,2025-06-16
2025-06-16 09:00:19.232681,1270.0,5,1265.0,21,1270.0,153,1,2454,2025-06-16
2025-06-16 09:00:19.269967,1265.0,2,1265.0,23,1270.0,139,2,2454,2025-06-16
2025-06-16 09:00:19.270040,1265.0,1,1265.0,22,1270.0,139,2,2454,2025-06-16
2025-06-16 09:00:19.307420,1270.0,1,1265.0,22,1270.0,138,1,2454,2025-06-16
2025-06-16 09:00:19.341819,1270.0,1,1265.0,28,1270.0,137,1,2454,2025-06-16
2025-06-16 09:00:19.425743,1270.0,2,1265.0,29,1270.0,137,1,2454,2025-06-16
2025-06-16 09:00:20.414233,1265.0,2,1265.0,30,1270.0,136,2,2454,2025-06-16
2025-06-16 09:00:20.420853,1265.0,2,1265.0,28,1270.0,136,2,2454,2025-06-16
2025-06-16 09:00:20.449672,1265.0,28,1260.0,67,1270.0,136,2,2454,2025-06-16
2025-06-16 09:00:23.362129,1265.0,1,1265.0,1,1270.0,130,1,2454,2025-06-16
2025-06-16 09:00:23.441348,1265.0,1,1265.0,1,1270.0,130,2,2454,2025-06-16
2025-06-16 09:00:23.441407,1265.0,1,1260.0,67,1270.0,130,2,2454,2025-06-16
2025-06-16 09:00:25.660588,1265.0,1,1260.0,59,1265.0,4,1,2454,2025-06-16
2025-06-16 09:00:29.622776,1265.0,1,1260.0,63,1265.0,7,1,2454,2025-06-16
2025-06-16 09:00:30.320563,1265.0,1,1260.0,64,1265.0,7,1,2454,2025-06-16
2025-06-16 09:00:31.709724,1265.0,1,1260.0,64,1265.0,6,1,2454,2025-06-16
2025-06-16 09:00:31.915991,1260.0,1,1260.0,63,1265.0,6,2,2454,2025-06-16
2025-06-16 09:00:39.169991,1265.0,1,1260.0,71,1265.0,11,1,2454,2025-06-16
2025-06-16 09:00:41.481922,1265.0,1,1260.0,74,1265.0,15,1,2454,2025-06-16
2025-06-16 09:00:42.336683,1260.0,1,1260.0,70,1265.0,18,2,2454,2025-06-16
2025-06-16 09:00:45.484826,1265.0,2,1260.0,77,1265.0,17,1,2454,2025-06-16
2025-06-16 09:00:47.036133,1260.0,1,1260.0,74,1265.0,20,2,2454,2025-06-16
2025-06-16 09:00:49.364091,1260.0,1,1260.0,80,1265.0,27,2,2454,2025-06-16
2025-06-16 09:00:51.194557,1260.0,1,1260.0,79,1265.0,30,2,2454,2025-06-16
2025-06-16 09:00:52.055942,1265.0,1,1260.0,79,1265.0,31,1,2454,2025-06-16
2025-06-16 09:01:03.411014,1265.0,1,1260.0,82,1265.0,36,1,2454,2025-06-16
2025-06-16 09:01:09.683682,1260.0,1,1260.0,81,1265.0,40,2,2454,2025-06-16
2025-06-16 09:01:16.181176,1265.0,1,1260.0,63,1265.0,48,1,2454,2025-06-16
2025-06-16 09:01:17.802556,1260.0,1,1260.0,62,1265.0,50,2,2454,2025-06-16
2025-06-16 09:01:20.824878,1265.0,1,1260.0,62,1265.0,52,1,2454,2025-06-16
2025-06-16 09:01:21.410348,1265.0,1,1260.0,62,1265.0,51,1,2454,2025-06-16
2025-06-16 09:01:23.166878,1260.0,1,1260.0,61,1265.0,53,2,2454,2025-06-16
2025-06-16 09:01:23.985571,1260.0,1,1260.0,60,1265.0,53,2,2454,2025-06-16
2025-06-16 09:01:25.229549,1260.0,1,1260.0,59,1265.0,53,2,2454,2025-06-16
2025-06-16 09:01:26.591544,1260.0,2,1260.0,60,1265.0,54,2,2454,2025-06-16
2025-06-16 09:01:33.777443,1260.0,2,1260.0,57,1265.0,79,2,2454,2025-06-16
2025-06-16 09:01:39.831732,1260.0,3,1260.0,58,1265.0,75,2,2454,2025-06-16
2025-06-16 09:01:40.240920,1260.0,1,1260.0,57,1265.0,75,2,2454,2025-06-16
2025-06-16 09:01:44.359806,1265.0,1,1260.0,60,1265.0,77,1,2454,2025-06-16
2025-06-16 09:01:50.392277,1265.0,1,1260.0,63,1265.0,76,1,2454,2025-06-16
2025-06-16 09:01:52.810278,1265.0,1,1260.0,62,1265.0,75,1,2454,2025-06-16
2025-06-16 09:01:56.860906,1265.0,1,1260.0,60,1265.0,76,1,2454,2025-06-16
2025-06-16 09:02:01.697087,1260.0,30,1260.0,33,1265.0,84,2,2454,2025-06-16
2025-06-16 09:02:06.143393,1260.0,1,1260.0,31,1265.0,91,2,2454,2025-06-16
2025-06-16 09:02:09.583139,1260.0,1,1260.0,30,1265.0,92,2,2454,2025-06-16
2025-06-16 09:02:11.576329,1260.0,1,1260.0,30,1265.0,95,2,2454,2025-06-16
2025-06-16 09:02:16.959852,1260.0,1,1260.0,28,1265.0,107,2,2454,2025-06-16
2025-06-16 09:02:17.665029,1260.0,1,1260.0,27,1265.0,107,2,2454,2025-06-16
2025-06-16 09:02:18.803566,1260.0,1,1260.0,27,1265.0,107,2,2454,2025-06-16
2025-06-16 09:02:19.436093,1260.0,1,1260.0,26,1265.0,106,2,2454,2025-06-16
2025-06-16 09:02:20.496633,1260.0,1,1260.0,25,1265.0,106,2,2454,2025-06-16
2025-06-16 09:02:31.834289,1260.0,1,1260.0,26,1265.0,110,2,2454,2025-06-16
2025-06-16 09:02:33.631768,1260.0,1,1260.0,26,1265.0,111,2,2454,2025-06-16
2025-06-16 09:02:33.730675,1260.0,1,1260.0,25,1265.0,111,2,2454,2025-06-16
2025-06-16 09:02:33.737557,1260.0,1,1260.0,24,1265.0,111,2,2454,2025-06-16
2025-06-16 09:02:34.423633,1260.0,1,1260.0,23,1265.0,112,2,2454,2025-06-16
2025-06-16 09:02:39.814071,1260.0,1,1260.0,23,1265.0,113,2,2454,2025-06-16
2025-06-16 09:02:40.677345,1260.0,1,1260.0,22,1265.0,113,2,2454,2025-06-16
2025-06-16 09:02:43.296192,1260.0,1,1260.0,22,1265.0,113,2,2454,2025-06-16
2025-06-16 09:02:43.437654,1260.0,2,1260.0,20,1265.0,113,2,2454,2025-06-16
2025-06-16 09:02:48.991579,1260.0,2,1260.0,18,1265.0,113,2,2454,2025-06-16
2025-06-16 09:02:51.128521,1260.0,1,1260.0,17,1265.0,113,2,2454,2025-06-16
2025-06-16 09:02:51.383259,1260.0,3,1260.0,14,1265.0,110,2,2454,2025-06-16
2025-06-16 09:02:52.322706,1260.0,5,1260.0,9,1265.0,110,2,2454,2025-06-16
2025-06-16 09:02:53.196542,1260.0,1,1260.0,8,1265.0,110,2,2454,2025-06-16
2025-06-16 09:02:53.234244,1260.0,2,1260.0,6,1265.0,110,2,2454,2025-06-16
2025-06-16 09:02:54.081786,1260.0,2,1260.0,4,1265.0,110,2,2454,2025-06-16
2025-06-16 09:02:54.111656,1260.0,4,1255.0,89,1265.0,110,2,2454,2025-06-16
2025-06-16 09:02:54.827117,1260.0,1,1255.0,80,1260.0,2,1,2454,2025-06-16
2025-06-16 09:02:55.114650,1260.0,1,1255.0,79,1260.0,1,1,2454,2025-06-16
2025-06-16 09:02:57.934739,1255.0,2,1255.0,77,1260.0,11,2,2454,2025-06-16
2025-06-16 09:03:13.101302,1255.0,2,1255.0,52,1260.0,37,2,2454,2025-06-16
2025-06-16 09:03:13.868222,1260.0,1,1255.0,51,1260.0,39,1,2454,2025-06-16
2025-06-16 09:03:23.256097,1255.0,1,1255.0,52,1260.0,40,2,2454,2025-06-16
2025-06-16 09:03:29.808288,1260.0,1,1255.0,54,1260.0,45,1,2454,2025-06-16
2025-06-16 09:03:32.408063,1255.0,1,1255.0,53,1260.0,45,2,2454,2025-06-16
2025-06-16 09:03:36.484723,1260.0,1,1255.0,52,1260.0,44,1,2454,2025-06-16
2025-06-16 09:03:36.861103,1255.0,2,1255.0,51,1260.0,42,2,2454,2025-06-16
2025-06-16 09:03:36.929692,1255.0,1,1255.0,50,1260.0,42,2,2454,2025-06-16
2025-06-16 09:03:43.359017,1260.0,1,1255.0,51,1260.0,44,1,2454,2025-06-16
2025-06-16 09:03:49.055398,1260.0,1,1255.0,55,1260.0,53,1,2454,2025-06-16
2025-06-16 09:04:00.049754,1260.0,1,1255.0,62,1260.0,52,1,2454,2025-06-16
2025-06-16 09:04:18.080001,1260.0,1,1255.0,64,1260.0,56,1,2454,2025-06-16
2025-06-16 09:04:33.003943,1255.0,2,1255.0,113,1260.0,54,2,2454,2025-06-16
2025-06-16 09:04:33.926403,1260.0,1,1255.0,111,1260.0,54,1,2454,2025-06-16
2025-06-16 09:04:44.695137,1260.0,1,1255.0,111,1260.0,48,1,2454,2025-06-16
2025-06-16 09:04:49.707027,1260.0,1,1255.0,112,1260.0,47,1,2454,2025-06-16
2025-06-16 09:04:50.838810,1260.0,5,1255.0,112,1260.0,42,1,2454,2025-06-16
2025-06-16 09:04:52.214687,1260.0,1,1255.0,117,1260.0,43,1,2454,2025-06-16
2025-06-16 09:04:57.010452,1260.0,1,1255.0,120,1260.0,44,1,2454,2025-06-16
2025-06-16 09:04:59.480064,1255.0,1,1255.0,119,1260.0,44,2,2454,2025-06-16
2025-06-16 09:05:04.192897,1260.0,1,1255.0,120,1260.0,43,1,2454,2025-06-16
2025-06-16 09:05:07.951490,1260.0,1,1255.0,122,1260.0,44,1,2454,2025-06-16
2025-06-16 09:05:13.311296,1260.0,1,1255.0,113,1260.0,44,1,2454,2025-06-16
2025-06-16 09:05:13.338346,1260.0,9,1255.0,113,1260.0,35,1,2454,2025-06-16
2025-06-16 09:05:15.750429,1260.0,1,1255.0,114,1260.0,35,1,2454,2025-06-16
2025-06-16 09:05:17.518726,1260.0,1,1255.0,116,1260.0,35,1,2454,2025-06-16
2025-06-16 09:05:27.327745,1260.0,1,1255.0,119,1260.0,35,1,2454,2025-06-16
2025-06-16 09:05:28.377488,1260.0,1,1255.0,123,1260.0,34,1,2454,2025-06-16
2025-06-16 09:05:28.422770,1260.0,1,1255.0,122,1260.0,33,1,2454,2025-06-16
2025-06-16 09:05:28.474856,1260.0,1,1255.0,122,1260.0,32,1,2454,2025-06-16
2025-06-16 09:05:28.767149,1255.0,1,1255.0,121,1260.0,34,2,2454,2025-06-16
2025-06-16 09:05:29.060658,1260.0,2,1255.0,121,1260.0,32,1,2454,2025-06-16
2025-06-16 09:05:32.993055,1260.0,1,1255.0,122,1260.0,31,1,2454,2025-06-16
2025-06-16 09:05:34.021801,1260.0,1,1255.0,122,1260.0,30,1,2454,2025-06-16
2025-06-16 09:05:40.155702,1260.0,1,1255.0,122,1260.0,29,1,2454,2025-06-16
2025-06-16 09:05:44.084423,1260.0,1,1255.0,122,1260.0,28,1,2454,2025-06-16
2025-06-16 09:05:44.144579,1260.0,2,1255.0,122,1260.0,26,1,2454,2025-06-16
2025-06-16 09:05:45.961372,1260.0,2,1255.0,122,1260.0,24,1,2454,2025-06-16
2025-06-16 09:05:46.762779,1260.0,1,1255.0,122,1260.0,23,1,2454,2025-06-16
2025-06-16 09:05:49.286933,1260.0,1,1255.0,122,1260.0,22,1,2454,2025-06-16
2025-06-16 09:05:53.449439,1260.0,1,1255.0,121,1260.0,21,1,2454,2025-06-16
2025-06-16 09:05:55.733718,1260.0,1,1255.0,120,1260.0,20,1,2454,2025-06-16
2025-06-16 09:06:05.127295,1260.0,1,1255.0,125,1260.0,28,1,2454,2025-06-16
2025-06-16 09:06:21.750322,1260.0,10,1255.0,125,1260.0,18,1,2454,2025-06-16
2025-06-16 09:06:22.433558,1260.0,1,1255.0,125,1260.0,19,1,2454,2025-06-16
2025-06-16 09:06:22.501096,1260.0,2,1255.0,125,1260.0,17,1,2454,2025-06-16
2025-06-16 09:06:24.803319,1260.0,1,1255.0,125,1260.0,17,1,2454,2025-06-16
2025-06-16 09:06:25.105409,1260.0,1,1255.0,125,1260.0,16,1,2454,2025-06-16
2025-06-16 09:06:27.658961,1260.0,1,1255.0,125,1260.0,15,1,2454,2025-06-16
2025-06-16 09:06:28.321799,1260.0,1,1255.0,125,1260.0,16,1,2454,2025-06-16
2025-06-16 09:06:30.316321,1260.0,1,1255.0,125,1260.0,25,1,2454,2025-06-16
2025-06-16 09:06:31.067174,1260.0,1,1255.0,125,1260.0,24,1,2454,2025-06-16
2025-06-16 09:06:31.366765,1260.0,1,1255.0,124,1260.0,23,1,2454,2025-06-16
2025-06-16 09:06:34.486276,1260.0,1,1255.0,125,1260.0,22,1,2454,2025-06-16
2025-06-16 09:06:58.502529,1260.0,4,1255.0,125,1260.0,20,1,2454,2025-06-16
2025-06-16 09:07:34.735856,1260.0,1,1255.0,121,1260.0,28,1,2454,2025-06-16
2025-06-16 09:07:36.839538,1260.0,1,1255.0,121,1260.0,27,1,2454,2025-06-16
2025-06-16 09:07:42.901681,1260.0,1,1255.0,121,1260.0,26,1,2454,2025-06-16
2025-06-16 09:07:42.965321,1260.0,1,1255.0,121,1260.0,25,1,2454,2025-06-16
2025-06-16 09:08:11.980840,1260.0,1,1255.0,138,1260.0,28,1,2454,2025-06-16
2025-06-16 09:08:13.512893,1260.0,1,1255.0,138,1260.0,29,1,2454,2025-06-16
2025-06-16 09:08:29.398371,1260.0,1,1255.0,141,1260.0,36,1,2454,2025-06-16
2025-06-16 09:08:30.907464,1255.0,1,1255.0,140,1260.0,35,2,2454,2025-06-16
2025-06-16 09:08:32.980611,1260.0,2,1255.0,144,1260.0,34,1,2454,2025-06-16
2025-06-16 09:08:36.797398,1260.0,4,1255.0,147,1260.0,30,1,2454,2025-06-16
2025-06-16 09:09:50.953070,1260.0,1,1255.0,158,1260.0,42,1,2454,2025-06-16
2025-06-16 09:09:51.984653,1260.0,1,1255.0,158,1260.0,42,1,2454,2025-06-16
2025-06-16 09:10:30.914195,1255.0,1,1255.0,172,1260.0,45,2,2454,2025-06-16
2025-06-16 09:10:43.653888,1255.0,1,1255.0,172,1260.0,46,2,2454,2025-06-16
2025-06-16 09:10:54.403284,1255.0,1,1255.0,172,1260.0,47,2,2454,2025-06-16
2025-06-16 09:10:58.299016,1255.0,2,1255.0,172,1260.0,46,2,2454,2025-06-16
2025-06-16 09:10:59.939221,1255.0,1,1255.0,171,1260.0,48,2,2454,2025-06-16
2025-06-16 09:11:00.007772,1260.0,1,1255.0,171,1260.0,48,1,2454,2025-06-16
2025-06-16 09:11:02.059795,1255.0,1,1255.0,171,1260.0,47,2,2454,2025-06-16
2025-06-16 09:11:10.466207,1260.0,2,1255.0,170,1260.0,46,1,2454,2025-06-16
2025-06-16 09:11:25.065960,1260.0,1,1255.0,169,1260.0,47,1,2454,2025-06-16
2025-06-16 09:11:25.696395,1260.0,2,1255.0,169,1260.0,46,1,2454,2025-06-16
2025-06-16 09:11:29.455058,1260.0,5,1255.0,170,1260.0,42,1,2454,2025-06-16
2025-06-16 09:11:29.525186,1260.0,1,1255.0,172,1260.0,41,1,2454,2025-06-16
2025-06-16 09:11:29.580451,1260.0,1,1255.0,172,1260.0,40,1,2454,2025-06-16
2025-06-16 09:11:34.432969,1260.0,1,1255.0,171,1260.0,39,1,2454,2025-06-16
2025-06-16 09:11:41.535887,1260.0,1,1255.0,171,1260.0,37,1,2454,2025-06-16
2025-06-16 09:11:42.536035,1260.0,3,1255.0,170,1260.0,34,1,2454,2025-06-16
2025-06-16 09:11:42.603825,1260.0,1,1255.0,170,1260.0,33,1,2454,2025-06-16
2025-06-16 09:11:42.793879,1260.0,1,1255.0,170,1260.0,32,1,2454,2025-06-16
2025-06-16 09:11:42.884593,1260.0,16,1255.0,170,1260.0,16,1,2454,2025-06-16
2025-06-16 09:11:42.918168,1260.0,3,1255.0,170,1260.0,13,1,2454,2025-06-16
2025-06-16 09:11:42.918209,1260.0,13,1255.0,172,1265.0,196,1,2454,2025-06-16
2025-06-16 09:11:42.952270,1265.0,2,1260.0,2,1265.0,192,1,2454,2025-06-16
2025-06-16 09:11:43.007210,1265.0,2,1260.0,7,1265.0,190,1,2454,2025-06-16
2025-06-16 09:12:00.025483,1265.0,1,1260.0,33,1265.0,180,1,2454,2025-06-16
2025-06-16 09:12:13.981917,1260.0,1,1260.0,47,1265.0,176,2,2454,2025-06-16
2025-06-16 09:12:18.685788,1260.0,1,1260.0,45,1265.0,180,2,2454,2025-06-16
2025-06-16 09:12:18.750410,1265.0,1,1260.0,45,1265.0,179,1,2454,2025-06-16
2025-06-16 09:12:23.040401,1265.0,1,1260.0,47,1265.0,178,1,2454,2025-06-16
2025-06-16 09:12:35.620768,1265.0,1,1260.0,49,1265.0,173,1,2454,2025-06-16
2025-06-16 09:12:37.023212,1265.0,1,1260.0,49,1265.0,171,1,2454,2025-06-16
2025-06-16 09:12:45.624695,1260.0,1,1260.0,48,1265.0,170,2,2454,2025-06-16
2025-06-16 09:13:05.614874,1265.0,10,1260.0,48,1265.0,172,1,2454,2025-06-16
2025-06-16 09:13:05.689898,1265.0,1,1260.0,48,1265.0,169,1,2454,2025-06-16
2025-06-16 09:14:09.828590,1265.0,1,1260.0,66,1265.0,153,1,2454,2025-06-16
2025-06-16 09:14:09.896884,1265.0,1,1260.0,66,1265.0,152,1,2454,2025-06-16
2025-06-16 09:14:29.787612,1265.0,1,1260.0,67,1265.0,154,1,2454,2025-06-16
2025-06-16 09:15:36.086051,1265.0,1,1260.0,79,1265.0,158,1,2454,2025-06-16
2025-06-16 09:16:40.455877,1260.0,1,1260.0,82,1265.0,157,2,2454,2025-06-16
2025-06-16 09:16:41.225863,1265.0,1,1260.0,82,1265.0,156,1,2454,2025-06-16
2025-06-16 09:16:57.662940,1265.0,1,1260.0,117,1265.0,155,1,2454,2025-06-16
2025-06-16 09:17:09.997258,1265.0,1,1260.0,119,1265.0,153,1,2454,2025-06-16
2025-06-16 09:17:23.646666,1265.0,1,1260.0,121,1265.0,152,1,2454,2025-06-16
2025-06-16 09:17:23.705713,1265.0,1,1260.0,121,1265.0,151,1,2454,2025-06-16
2025-06-16 09:17:34.902846,1265.0,1,1260.0,122,1265.0,151,1,2454,2025-06-16
2025-06-16 09:17:41.596201,1265.0,1,1260.0,124,1265.0,153,1,2454,2025-06-16
2025-06-16 09:17:45.792379,1265.0,2,1260.0,124,1265.0,150,1,2454,2025-06-16
2025-06-16 09:17:48.172036,1265.0,10,1260.0,131,1265.0,140,1,2454,2025-06-16
2025-06-16 09:17:48.229752,1265.0,1,1260.0,131,1265.0,139,1,2454,2025-06-16
2025-06-16 09:17:52.655684,1265.0,1,1260.0,131,1265.0,140,1,2454,2025-06-16
2025-06-16 09:17:52.716336,1265.0,1,1260.0,131,1265.0,139,1,2454,2025-06-16
2025-06-16 09:17:52.950795,1265.0,1,1260.0,131,1265.0,138,1,2454,2025-06-16
2025-06-16 09:18:00.698975,1260.0,1,1260.0,130,1265.0,137,2,2454,2025-06-16
2025-06-16 09:18:00.808180,1260.0,1,1260.0,129,1265.0,137,2,2454,2025-06-16
2025-06-16 09:18:33.725167,1260.0,1,1260.0,133,1265.0,140,2,2454,2025-06-16
2025-06-16 09:19:15.329216,1260.0,1,1260.0,132,1265.0,149,2,2454,2025-06-16
2025-06-16 09:19:23.814694,1260.0,1,1260.0,135,1265.0,139,2,2454,2025-06-16
2025-06-16 09:19:50.521363,1260.0,1,1260.0,136,1265.0,140,2,2454,2025-06-16
2025-06-16 09:20:38.184603,1260.0,1,1260.0,139,1265.0,164,2,2454,2025-06-16
2025-06-16 09:20:46.789092,1265.0,5,1260.0,147,1265.0,159,1,2454,2025-06-16
2025-06-16 09:20:47.370687,1260.0,1,1260.0,148,1265.0,158,2,2454,2025-06-16
2025-06-16 09:20:51.911557,1265.0,1,1260.0,153,1265.0,156,1,2454,2025-06-16
2025-06-16 09:21:00.207393,1265.0,5,1260.0,159,1265.0,152,1,2454,2025-06-16
2025-06-16 09:21:00.268252,1265.0,1,1260.0,159,1265.0,151,1,2454,2025-06-16
2025-06-16 09:21:26.705288,1265.0,2,1260.0,162,1265.0,153,1,2454,2025-06-16
2025-06-16 09:21:56.079513,1265.0,1,1260.0,168,1265.0,147,1,2454,2025-06-16
2025-06-16 09:22:13.563722,1265.0,7,1260.0,183,1265.0,141,1,2454,2025-06-16
2025-06-16 09:22:13.563754,1265.0,18,1260.0,183,1265.0,123,1,2454,2025-06-16
2025-06-16 09:22:13.594746,1265.0,6,1260.0,211,1265.0,117,1,2454,2025-06-16
2025-06-16 09:22:13.596068,1265.0,2,1260.0,211,1265.0,115,1,2454,2025-06-16
2025-06-16 09:22:13.596184,1265.0,6,1260.0,211,1265.0,109,1,2454,2025-06-16
2025-06-16 09:22:13.629219,1265.0,19,1260.0,211,1265.0,90,1,2454,2025-06-16
2025-06-16 09:22:13.636381,1265.0,3,1260.0,207,1265.0,90,1,2454,2025-06-16
2025-06-16 09:22:13.663281,1265.0,1,1260.0,207,1265.0,86,1,2454,2025-06-16
2025-06-16 09:22:13.665030,1265.0,2,1260.0,210,1265.0,84,1,2454,2025-06-16
2025-06-16 09:22:13.696734,1265.0,19,1260.0,217,1265.0,65,1,2454,2025-06-16
2025-06-16 09:22:13.698486,1265.0,3,1260.0,217,1265.0,62,1,2454,2025-06-16
2025-06-16 09:22:13.732140,1265.0,2,1260.0,224,1265.0,60,1,2454,2025-06-16
2025-06-16 09:22:13.772989,1265.0,3,1260.0,194,1265.0,57,1,2454,2025-06-16
2025-06-16 09:22:13.790352,1265.0,5,1260.0,184,1265.0,52,1,2454,2025-06-16
2025-06-16 09:22:13.846203,1265.0,1,1260.0,184,1265.0,53,1,2454,2025-06-16
2025-06-16 09:22:16.861399,1265.0,1,1260.0,183,1265.0,52,1,2454,2025-06-16
2025-06-16 09:22:20.170808,1265.0,1,1260.0,184,1265.0,51,1,2454,2025-06-16
2025-06-16 09:22:20.738434,1265.0,1,1260.0,184,1265.0,50,1,2454,2025-06-16
2025-06-16 09:22:20.831999,1260.0,1,1260.0,183,1265.0,50,2,2454,2025-06-16
2025-06-16 09:22:22.589923,1265.0,6,1260.0,182,1265.0,46,1,2454,2025-06-16
2025-06-16 09:22:22.655518,1265.0,1,1260.0,184,1265.0,45,1,2454,2025-06-16
2025-06-16 09:22:23.387219,1265.0,1,1260.0,184,1265.0,44,1,2454,2025-06-16
2025-06-16 09:22:25.463119,1265.0,1,1260.0,183,1265.0,43,1,2454,2025-06-16
2025-06-16 09:22:28.311626,1265.0,1,1260.0,183,1265.0,42,1,2454,2025-06-16
2025-06-16 09:22:28.365355,1265.0,1,1260.0,183,1265.0,41,1,2454,2025-06-16
2025-06-16 09:22:29.179470,1265.0,1,1260.0,184,1265.0,40,1,2454,2025-06-16
2025-06-16 09:22:32.519854,1265.0,1,1260.0,183,1265.0,40,1,2454,2025-06-16
2025-06-16 09:22:42.716463,1265.0,1,1260.0,186,1265.0,40,1,2454,2025-06-16
2025-06-16 09:22:45.395203,1265.0,1,1260.0,188,1265.0,38,1,2454,2025-06-16
2025-06-16 09:22:48.399592,1265.0,1,1260.0,189,1265.0,40,1,2454,2025-06-16
2025-06-16 09:22:53.747981,1265.0,1,1260.0,188,1265.0,40,1,2454,2025-06-16
2025-06-16 09:23:01.253144,1265.0,1,1260.0,192,1265.0,42,1,2454,2025-06-16
2025-06-16 09:23:02.225478,1265.0,1,1260.0,191,1265.0,41,1,2454,2025-06-16
2025-06-16 09:23:02.698477,1260.0,1,1260.0,190,1265.0,41,2,2454,2025-06-16
2025-06-16 09:23:02.758272,1265.0,1,1260.0,190,1265.0,40,1,2454,2025-06-16
2025-06-16 09:23:14.079676,1265.0,1,1260.0,192,1265.0,40,1,2454,2025-06-16
2025-06-16 09:23:24.105132,1265.0,1,1260.0,194,1265.0,39,1,2454,2025-06-16
2025-06-16 09:23:34.439009,1265.0,1,1260.0,204,1265.0,38,1,2454,2025-06-16
2025-06-16 09:23:38.097481,1260.0,1,1260.0,205,1265.0,38,2,2454,2025-06-16
2025-06-16 09:23:39.573356,1265.0,1,1260.0,205,1265.0,39,1,2454,2025-06-16
2025-06-16 09:23:51.588056,1265.0,1,1260.0,210,1265.0,39,1,2454,2025-06-16
2025-06-16 09:23:51.659726,1265.0,1,1260.0,210,1265.0,38,1,2454,2025-06-16
2025-06-16 09:23:54.646867,1265.0,1,1260.0,211,1265.0,38,1,2454,2025-06-16
2025-06-16 09:23:55.510035,1265.0,1,1260.0,211,1265.0,37,1,2454,2025-06-16
2025-06-16 09:24:03.393657,1265.0,1,1260.0,210,1265.0,38,1,2454,2025-06-16
2025-06-16 09:24:03.653627,1265.0,1,1260.0,209,1265.0,37,1,2454,2025-06-16
2025-06-16 09:24:10.910455,1265.0,25,1260.0,210,1265.0,12,1,2454,2025-06-16
2025-06-16 09:24:10.944283,1265.0,7,1260.0,210,1265.0,5,1,2454,2025-06-16
2025-06-16 09:24:11.013239,1265.0,2,1260.0,212,1265.0,5,1,2454,2025-06-16
2025-06-16 09:24:11.074241,1265.0,2,1260.0,210,1265.0,6,1,2454,2025-06-16
2025-06-16 09:24:13.236366,1265.0,1,1260.0,210,1265.0,3,1,2454,2025-06-16
2025-06-16 09:25:29.681119,1265.0,2,1265.0,31,1270.0,251,2,2454,2025-06-16
2025-06-16 09:25:29.754835,1270.0,1,1265.0,31,1270.0,250,1,2454,2025-06-16
2025-06-16 09:26:38.780647,1265.0,17,1265.0,40,1270.0,163,2,2454,2025-06-16
2025-06-16 09:26:38.803511,1265.0,4,1265.0,35,1270.0,167,2,2454,2025-06-16
2025-06-16 09:26:38.804435,1265.0,35,1260.0,305,1270.0,167,2,2454,2025-06-16
2025-06-16 09:26:38.909228,1265.0,2,1260.0,299,1265.0,5,1,2454,2025-06-16
2025-06-16 09:26:40.496020,1260.0,1,1260.0,300,1270.0,182,2,2454,2025-06-16
2025-06-16 09:26:45.758220,1265.0,1,1260.0,298,1265.0,12,1,2454,2025-06-16
2025-06-16 09:26:48.285522,1265.0,1,1260.0,298,1265.0,11,1,2454,2025-06-16
2025-06-16 09:27:10.436396,1265.0,5,1260.0,295,1265.0,17,1,2454,2025-06-16
2025-06-16 09:27:11.889389,1265.0,1,1260.0,295,1265.0,18,1,2454,2025-06-16
2025-06-16 09:27:18.412919,1265.0,1,1260.0,295,1265.0,17,1,2454,2025-06-16
2025-06-16 09:27:19.242628,1265.0,2,1260.0,295,1265.0,16,1,2454,2025-06-16
2025-06-16 09:27:22.127131,1265.0,1,1260.0,294,1265.0,15,1,2454,2025-06-16
2025-06-16 09:27:22.667346,1265.0,1,1260.0,296,1265.0,15,1,2454,2025-06-16
2025-06-16 09:27:23.580388,1265.0,1,1260.0,296,1265.0,16,1,2454,2025-06-16
2025-06-16 09:27:24.318306,1265.0,1,1260.0,295,1265.0,21,1,2454,2025-06-16
2025-06-16 09:27:58.657174,1265.0,1,1260.0,292,1265.0,38,1,2454,2025-06-16
2025-06-16 09:27:59.821764,1265.0,1,1260.0,292,1265.0,35,1,2454,2025-06-16
2025-06-16 09:28:13.013388,1265.0,2,1260.0,293,1265.0,35,1,2454,2025-06-16
2025-06-16 09:28:39.156202,1265.0,1,1260.0,295,1265.0,37,1,2454,2025-06-16
2025-06-16 09:28:45.392290,1265.0,1,1260.0,295,1265.0,36,1,2454,2025-06-16
2025-06-16 09:28:53.657414,1265.0,1,1260.0,296,1265.0,34,1,2454,2025-06-16
2025-06-16 09:28:56.387868,1265.0,1,1260.0,296,1265.0,33,1,2454,2025-06-16
2025-06-16 09:29:04.600804,1265.0,1,1260.0,301,1265.0,30,1,2454,2025-06-16
2025-06-16 09:29:08.039030,1265.0,1,1260.0,302,1265.0,29,1,2454,2025-06-16
2025-06-16 09:29:11.479267,1265.0,1,1260.0,302,1265.0,29,1,2454,2025-06-16
2025-06-16 09:29:59.399968,1265.0,1,1260.0,300,1265.0,32,1,2454,2025-06-16
2025-06-16 09:30:22.093925,1260.0,1,1260.0,300,1265.0,36,2,2454,2025-06-16
2025-06-16 09:30:48.768855,1265.0,1,1260.0,307,1265.0,40,1,2454,2025-06-16
2025-06-16 09:30:58.540209,1265.0,1,1260.0,304,1265.0,39,1,2454,2025-06-16
2025-06-16 09:31:06.452245,1265.0,1,1260.0,304,1265.0,38,1,2454,2025-06-16
2025-06-16 09:31:14.407910,1265.0,1,1260.0,304,1265.0,37,1,2454,2025-06-16
2025-06-16 09:31:18.947179,1265.0,1,1260.0,304,1265.0,38,1,2454,2025-06-16
2025-06-16 09:31:59.604943,1265.0,1,1260.0,304,1265.0,38,1,2454,2025-06-16
2025-06-16 09:32:29.416080,1265.0,1,1260.0,305,1265.0,43,1,2454,2025-06-16
2025-06-16 09:32:54.001140,1265.0,1,1260.0,306,1265.0,43,1,2454,2025-06-16
2025-06-16 09:33:11.374755,1265.0,1,1260.0,306,1265.0,45,1,2454,2025-06-16
2025-06-16 09:33:13.819745,1260.0,2,1260.0,304,1265.0,47,2,2454,2025-06-16
2025-06-16 09:33:31.519485,1265.0,10,1260.0,304,1265.0,41,1,2454,2025-06-16
2025-06-16 09:33:36.827812,1265.0,10,1260.0,304,1265.0,33,1,2454,2025-06-16
2025-06-16 09:33:45.424526,1265.0,1,1260.0,305,1265.0,35,1,2454,2025-06-16
2025-06-16 09:33:49.333809,1265.0,1,1260.0,305,1265.0,33,1,2454,2025-06-16
2025-06-16 09:34:18.014825,1265.0,1,1260.0,304,1265.0,49,1,2454,2025-06-16
2025-06-16 09:34:22.249518,1265.0,1,1260.0,304,1265.0,48,1,2454,2025-06-16
2025-06-16 09:34:51.391294,1265.0,1,1260.0,304,1265.0,51,1,2454,2025-06-16
2025-06-16 09:35:00.431177,1265.0,1,1260.0,202,1265.0,50,1,2454,2025-06-16
2025-06-16 09:35:23.955548,1265.0,1,1260.0,202,1265.0,55,1,2454,2025-06-16
2025-06-16 09:35:33.108917,1265.0,1,1260.0,199,1265.0,57,1,2454,2025-06-16
2025-06-16 09:35:34.764147,1265.0,1,1260.0,200,1265.0,56,1,2454,2025-06-16
2025-06-16 09:35:37.903852,1260.0,3,1260.0,197,1265.0,59,2,2454,2025-06-16
2025-06-16 09:35:45.217661,1260.0,5,1260.0,192,1265.0,60,2,2454,2025-06-16
2025-06-16 09:35:46.230238,1260.0,4,1260.0,186,1265.0,62,2,2454,2025-06-16
2025-06-16 09:35:57.383472,1265.0,5,1260.0,181,1265.0,62,1,2454,2025-06-16
2025-06-16 09:36:15.438207,1265.0,1,1260.0,182,1265.0,78,1,2454,2025-06-16
2025-06-16 09:36:21.855148,1265.0,1,1260.0,181,1265.0,77,1,2454,2025-06-16
2025-06-16 09:36:44.085272,1265.0,1,1260.0,183,1265.0,77,1,2454,2025-06-16
2025-06-16 09:36:47.620927,1265.0,1,1260.0,190,1265.0,76,1,2454,2025-06-16
2025-06-16 09:37:30.447423,1265.0,1,1260.0,193,1265.0,103,1,2454,2025-06-16
2025-06-16 09:37:54.758304,1265.0,1,1260.0,193,1265.0,104,1,2454,2025-06-16
2025-06-16 09:38:01.256866,1265.0,1,1260.0,193,1265.0,106,1,2454,2025-06-16
2025-06-16 09:38:21.066131,1265.0,10,1260.0,194,1265.0,97,1,2454,2025-06-16
2025-06-16 09:38:35.291356,1260.0,2,1260.0,192,1265.0,100,2,2454,2025-06-16
2025-06-16 09:38:45.453658,1265.0,1,1260.0,191,1265.0,100,1,2454,2025-06-16
2025-06-16 09:38:48.289658,1260.0,1,1260.0,190,1265.0,101,2,2454,2025-06-16
2025-06-16 09:39:05.453365,1265.0,1,1260.0,190,1265.0,103,1,2454,2025-06-16
2025-06-16 09:39:47.399881,1260.0,2,1260.0,190,1265.0,108,2,2454,2025-06-16
2025-06-16 09:40:00.458974,1265.0,1,1260.0,189,1265.0,122,1,2454,2025-06-16
2025-06-16 09:40:11.304896,1265.0,1,1260.0,190,1265.0,112,1,2454,2025-06-16
2025-06-16 09:40:17.403019,1265.0,1,1260.0,191,1265.0,112,1,2454,2025-06-16
2025-06-16 09:40:25.731532,1265.0,1,1260.0,191,1265.0,112,1,2454,2025-06-16
2025-06-16 09:41:01.685317,1265.0,1,1260.0,195,1265.0,114,1,2454,2025-06-16
2025-06-16 09:41:22.439422,1260.0,2,1260.0,194,1265.0,120,2,2454,2025-06-16
2025-06-16 09:41:24.334516,1265.0,1,1260.0,193,1265.0,119,1,2454,2025-06-16
2025-06-16 09:41:28.230369,1265.0,1,1260.0,194,1265.0,118,1,2454,2025-06-16
2025-06-16 09:42:24.293179,1265.0,1,1260.0,197,1265.0,120,1,2454,2025-06-16
2025-06-16 09:42:39.046041,1265.0,1,1260.0,197,1265.0,120,1,2454,2025-06-16
2025-06-16 09:42:44.839383,1265.0,3,1260.0,197,1265.0,117,1,2454,2025-06-16
2025-06-16 09:43:49.672547,1265.0,1,1260.0,202,1265.0,111,1,2454,2025-06-16
2025-06-16 09:45:00.615517,1265.0,1,1260.0,242,1265.0,115,1,2454,2025-06-16
2025-06-16 09:46:12.483955,1265.0,1,1260.0,246,1265.0,117,1,2454,2025-06-16
2025-06-16 09:46:48.504037,1260.0,5,1260.0,239,1265.0,132,2,2454,2025-06-16
2025-06-16 09:47:01.837404,1265.0,1,1260.0,238,1265.0,139,1,2454,2025-06-16
2025-06-16 09:47:23.235839,1265.0,1,1260.0,238,1265.0,139,1,2454,2025-06-16
2025-06-16 09:48:16.980785,1260.0,1,1260.0,241,1265.0,134,2,2454,2025-06-16
2025-06-16 09:48:34.084432,1265.0,1,1260.0,241,1265.0,134,1,2454,2025-06-16
2025-06-16 09:48:34.150875,1265.0,1,1260.0,242,1265.0,133,1,2454,2025-06-16
2025-06-16 09:49:23.186707,1260.0,1,1260.0,243,1265.0,139,2,2454,2025-06-16
2025-06-16 09:49:45.036813,1265.0,1,1260.0,245,1265.0,167,1,2454,2025-06-16
2025-06-16 09:49:57.316214,1260.0,1,1260.0,245,1265.0,168,2,2454,2025-06-16
2025-06-16 09:49:58.892335,1260.0,1,1260.0,244,1265.0,169,2,2454,2025-06-16
2025-06-16 09:49:59.874313,1260.0,1,1260.0,243,1265.0,169,2,2454,2025-06-16
2025-06-16 09:49:59.911346,1260.0,2,1260.0,241,1265.0,169,2,2454,2025-06-16
2025-06-16 09:50:00.899017,1260.0,1,1260.0,237,1265.0,178,2,2454,2025-06-16
2025-06-16 09:50:00.972715,1265.0,1,1260.0,237,1265.0,177,1,2454,2025-06-16
2025-06-16 09:50:00.986648,1260.0,1,1260.0,236,1265.0,177,2,2454,2025-06-16
2025-06-16 09:50:55.720314,1265.0,1,1260.0,237,1265.0,189,1,2454,2025-06-16
2025-06-16 09:51:49.054665,1265.0,1,1260.0,238,1265.0,201,1,2454,2025-06-16
2025-06-16 09:52:06.675742,1265.0,1,1260.0,237,1265.0,202,1,2454,2025-06-16
2025-06-16 09:52:50.161378,1265.0,2,1260.0,237,1265.0,207,1,2454,2025-06-16
2025-06-16 09:53:08.142024,1260.0,1,1260.0,236,1265.0,205,2,2454,2025-06-16
2025-06-16 09:53:08.208915,1265.0,1,1260.0,236,1265.0,204,1,2454,2025-06-16
2025-06-16 09:53:18.351528,1265.0,1,1260.0,241,1265.0,206,1,2454,2025-06-16
2025-06-16 09:54:09.243949,1265.0,1,1260.0,246,1265.0,170,1,2454,2025-06-16
2025-06-16 09:54:29.258198,1265.0,1,1260.0,246,1265.0,173,1,2454,2025-06-16
2025-06-16 09:54:51.497237,1265.0,1,1260.0,248,1265.0,175,1,2454,2025-06-16
2025-06-16 09:55:20.900442,1260.0,2,1260.0,246,1265.0,177,2,2454,2025-06-16
2025-06-16 09:55:40.098395,1265.0,1,1260.0,249,1265.0,179,1,2454,2025-06-16
2025-06-16 09:56:04.976239,1265.0,1,1260.0,349,1265.0,177,1,2454,2025-06-16
2025-06-16 09:56:05.290496,1265.0,1,1260.0,349,1265.0,174,1,2454,2025-06-16
2025-06-16 09:56:16.008874,1265.0,1,1260.0,373,1265.0,172,1,2454,2025-06-16
2025-06-16 09:56:26.608879,1260.0,1,1260.0,374,1265.0,170,2,2454,2025-06-16
2025-06-16 09:56:50.869811,1265.0,1,1260.0,406,1265.0,170,1,2454,2025-06-16
2025-06-16 09:57:12.910871,1260.0,2,1260.0,409,1265.0,170,2,2454,2025-06-16
2025-06-16 09:57:16.017998,1260.0,1,1260.0,408,1265.0,170,2,2454,2025-06-16
2025-06-16 09:57:33.620251,1260.0,4,1260.0,404,1265.0,172,2,2454,2025-06-16
2025-06-16 09:57:33.620281,1260.0,6,1260.0,398,1265.0,172,2,2454,2025-06-16
2025-06-16 09:57:33.620309,1260.0,4,1260.0,394,1265.0,172,2,2454,2025-06-16
2025-06-16 09:57:33.622680,1260.0,2,1260.0,392,1265.0,172,2,2454,2025-06-16
2025-06-16 09:57:33.640077,1260.0,2,1260.0,390,1265.0,172,2,2454,2025-06-16
2025-06-16 09:57:33.650419,1260.0,21,1260.0,369,1265.0,172,2,2454,2025-06-16
2025-06-16 09:57:33.681346,1260.0,64,1260.0,303,1265.0,183,2,2454,2025-06-16
2025-06-16 09:57:33.681416,1260.0,2,1260.0,301,1265.0,183,2,2454,2025-06-16
2025-06-16 09:57:33.681529,1260.0,2,1260.0,299,1265.0,183,2,2454,2025-06-16
2025-06-16 09:57:33.690304,1265.0,1,1260.0,299,1265.0,182,1,2454,2025-06-16
2025-06-16 09:57:33.715377,1260.0,1,1260.0,298,1265.0,186,2,2454,2025-06-16
2025-06-16 09:57:33.716645,1260.0,2,1260.0,296,1265.0,186,2,2454,2025-06-16
2025-06-16 09:57:33.718901,1260.0,2,1260.0,294,1265.0,186,2,2454,2025-06-16
2025-06-16 09:57:33.731130,1260.0,2,1260.0,292,1265.0,184,2,2454,2025-06-16
2025-06-16 09:57:33.733568,1260.0,2,1260.0,290,1265.0,184,2,2454,2025-06-16
2025-06-16 09:57:53.455911,1260.0,1,1260.0,191,1265.0,192,2,2454,2025-06-16
2025-06-16 09:57:55.532518,1260.0,4,1260.0,186,1265.0,192,2,2454,2025-06-16
2025-06-16 09:58:01.771863,1265.0,1,1260.0,149,1265.0,194,1,2454,2025-06-16
2025-06-16 09:58:11.020149,1260.0,1,1260.0,149,1265.0,189,2,2454,2025-06-16
2025-06-16 09:58:13.872799,1265.0,1,1260.0,149,1265.0,188,1,2454,2025-06-16
2025-06-16 09:58:59.868024,1260.0,1,1260.0,153,1265.0,191,2,2454,2025-06-16
2025-06-16 09:59:49.231713,1260.0,1,1260.0,159,1265.0,309,2,2454,2025-06-16
2025-06-16 09:59:55.018148,1260.0,1,1260.0,158,1265.0,309,2,2454,2025-06-16
2025-06-16 09:59:58.576264,1260.0,1,1260.0,157,1265.0,310,2,2454,2025-06-16
2025-06-16 09:59:58.936089,1260.0,2,1260.0,155,1265.0,310,2,2454,2025-06-16
2025-06-16 10:00:00.457618,1265.0,1,1260.0,153,1265.0,313,1,2454,2025-06-16
2025-06-16 10:00:14.039500,1260.0,1,1260.0,152,1265.0,309,2,2454,2025-06-16
2025-06-16 10:00:23.673936,1260.0,1,1260.0,151,1265.0,311,2,2454,2025-06-16
2025-06-16 10:00:28.392327,1260.0,100,1260.0,51,1265.0,311,2,2454,2025-06-16
2025-06-16 10:00:28.429457,1260.0,6,1260.0,45,1265.0,316,2,2454,2025-06-16
2025-06-16 10:00:28.429529,1260.0,9,1260.0,36,1265.0,316,2,2454,2025-06-16
2025-06-16 10:00:28.429752,1260.0,1,1260.0,35,1265.0,315,2,2454,2025-06-16
2025-06-16 10:00:28.429784,1260.0,6,1260.0,29,1265.0,317,2,2454,2025-06-16
2025-06-16 10:00:28.429805,1260.0,19,1260.0,10,1265.0,317,2,2454,2025-06-16
2025-06-16 10:00:28.430126,1260.0,1,1260.0,9,1265.0,317,2,2454,2025-06-16
2025-06-16 10:00:28.430457,1260.0,5,1260.0,4,1265.0,317,2,2454,2025-06-16
2025-06-16 10:00:28.436476,1260.0,2,1260.0,2,1265.0,315,2,2454,2025-06-16
2025-06-16 10:00:28.437025,1260.0,2,1255.0,451,1260.0,2,2,2454,2025-06-16
2025-06-16 10:00:28.474277,1260.0,2,1255.0,449,1260.0,9,1,2454,2025-06-16
2025-06-16 10:00:28.476576,1260.0,2,1255.0,449,1260.0,7,1,2454,2025-06-16
2025-06-16 10:00:28.486502,1260.0,1,1255.0,449,1260.0,6,1,2454,2025-06-16
2025-06-16 10:00:28.503524,1260.0,5,1255.0,448,1265.0,315,1,2454,2025-06-16
2025-06-16 10:00:28.511498,1260.0,1,1255.0,448,1260.0,10,1,2454,2025-06-16
2025-06-16 10:00:28.533639,1265.0,5,1255.0,450,1265.0,308,1,2454,2025-06-16
2025-06-16 10:00:36.374232,1260.0,1,1255.0,462,1260.0,39,1,2454,2025-06-16
2025-06-16 10:01:20.378036,1260.0,1,1255.0,363,1260.0,83,1,2454,2025-06-16
2025-06-16 10:01:39.102650,1260.0,1,1255.0,370,1260.0,85,1,2454,2025-06-16
2025-06-16 10:01:44.602249,1260.0,1,1255.0,369,1260.0,84,1,2454,2025-06-16
2025-06-16 10:01:50.222087,1260.0,1,1255.0,370,1260.0,83,1,2454,2025-06-16
2025-06-16 10:02:01.059193,1255.0,2,1255.0,368,1260.0,85,2,2454,2025-06-16
2025-06-16 10:02:22.560320,1255.0,1,1255.0,363,1260.0,185,2,2454,2025-06-16
2025-06-16 10:02:36.585175,1260.0,1,1255.0,357,1260.0,196,1,2454,2025-06-16
2025-06-16 10:03:25.111255,1260.0,1,1255.0,365,1260.0,199,1,2454,2025-06-16
2025-06-16 10:03:26.022211,1255.0,1,1255.0,364,1260.0,199,2,2454,2025-06-16
2025-06-16 10:03:45.994602,1260.0,1,1255.0,353,1260.0,186,1,2454,2025-06-16
2025-06-16 10:03:51.330170,1260.0,1,1255.0,359,1260.0,185,1,2454,2025-06-16
2025-06-16 10:04:12.798937,1255.0,1,1255.0,358,1260.0,187,2,2454,2025-06-16
2025-06-16 10:04:18.431281,1260.0,1,1255.0,358,1260.0,186,1,2454,2025-06-16
2025-06-16 10:04:20.247124,1260.0,1,1255.0,358,1260.0,186,1,2454,2025-06-16
2025-06-16 10:04:41.057529,1260.0,1,1255.0,359,1260.0,186,1,2454,2025-06-16
2025-06-16 10:04:56.239318,1255.0,1,1255.0,356,1260.0,187,2,2454,2025-06-16
2025-06-16 10:04:56.591077,1255.0,2,1255.0,354,1260.0,187,2,2454,2025-06-16
2025-06-16 10:05:05.252490,1260.0,1,1255.0,354,1260.0,187,1,2454,2025-06-16
2025-06-16 10:05:22.018526,1255.0,1,1255.0,354,1260.0,187,2,2454,2025-06-16
2025-06-16 10:05:28.538217,1260.0,1,1255.0,354,1260.0,187,1,2454,2025-06-16
2025-06-16 10:05:38.336604,1255.0,1,1255.0,354,1260.0,187,2,2454,2025-06-16
2025-06-16 10:06:18.962290,1260.0,1,1255.0,355,1260.0,186,1,2454,2025-06-16
2025-06-16 10:06:25.659810,1255.0,1,1255.0,356,1260.0,183,2,2454,2025-06-16
2025-06-16 10:06:59.017801,1260.0,1,1255.0,356,1260.0,186,1,2454,2025-06-16
2025-06-16 10:07:25.431746,1255.0,2,1255.0,355,1260.0,186,2,2454,2025-06-16
2025-06-16 10:07:32.859222,1260.0,1,1255.0,355,1260.0,185,1,2454,2025-06-16
2025-06-16 10:08:27.499424,1260.0,2,1255.0,353,1260.0,189,1,2454,2025-06-16
2025-06-16 10:08:35.607367,1255.0,1,1255.0,353,1260.0,189,2,2454,2025-06-16
2025-06-16 10:08:44.255019,1255.0,1,1255.0,353,1260.0,200,2,2454,2025-06-16
2025-06-16 10:08:46.514404,1260.0,1,1255.0,352,1260.0,199,1,2454,2025-06-16
2025-06-16 10:08:50.551743,1260.0,1,1255.0,353,1260.0,198,1,2454,2025-06-16
2025-06-16 10:09:11.333111,1260.0,4,1255.0,353,1260.0,199,1,2454,2025-06-16
2025-06-16 10:09:28.751412,1260.0,1,1255.0,367,1260.0,190,1,2454,2025-06-16
2025-06-16 10:09:38.571947,1260.0,1,1255.0,368,1260.0,188,1,2454,2025-06-16
2025-06-16 10:10:01.435437,1260.0,1,1255.0,363,1260.0,187,1,2454,2025-06-16
2025-06-16 10:10:01.777926,1255.0,2,1255.0,361,1260.0,187,2,2454,2025-06-16
2025-06-16 10:10:41.558689,1260.0,1,1255.0,369,1260.0,187,1,2454,2025-06-16
2025-06-16 10:10:51.120756,1260.0,1,1255.0,370,1260.0,186,1,2454,2025-06-16
2025-06-16 10:10:51.532399,1255.0,1,1255.0,369,1260.0,186,2,2454,2025-06-16
2025-06-16 10:10:52.421252,1255.0,1,1255.0,370,1260.0,186,2,2454,2025-06-16
2025-06-16 10:11:14.972786,1260.0,1,1255.0,363,1260.0,185,1,2454,2025-06-16
2025-06-16 10:11:15.170818,1260.0,1,1255.0,363,1260.0,184,1,2454,2025-06-16
2025-06-16 10:11:48.578804,1255.0,1,1255.0,359,1260.0,186,2,2454,2025-06-16
2025-06-16 10:12:17.740022,1255.0,2,1255.0,356,1260.0,186,2,2454,2025-06-16
2025-06-16 10:12:17.794750,1260.0,1,1255.0,356,1260.0,185,1,2454,2025-06-16
2025-06-16 10:12:29.100847,1260.0,1,1255.0,358,1260.0,185,1,2454,2025-06-16
2025-06-16 10:13:17.322288,1255.0,1,1255.0,362,1260.0,184,2,2454,2025-06-16
2025-06-16 10:13:34.464896,1255.0,1,1255.0,361,1260.0,187,2,2454,2025-06-16
2025-06-16 10:13:42.925679,1260.0,1,1255.0,359,1260.0,186,1,2454,2025-06-16
2025-06-16 10:13:43.469266,1255.0,1,1255.0,358,1260.0,187,2,2454,2025-06-16
2025-06-16 10:13:57.018907,1255.0,1,1255.0,355,1260.0,192,2,2454,2025-06-16
2025-06-16 10:14:44.973308,1255.0,2,1255.0,351,1260.0,213,2,2454,2025-06-16
2025-06-16 10:14:55.768785,1255.0,1,1255.0,350,1260.0,213,2,2454,2025-06-16
2025-06-16 10:14:56.752928,1260.0,1,1255.0,350,1260.0,212,1,2454,2025-06-16
2025-06-16 10:14:59.335307,1260.0,1,1255.0,350,1260.0,211,1,2454,2025-06-16
2025-06-16 10:15:54.314899,1255.0,1,1255.0,358,1260.0,207,2,2454,2025-06-16
2025-06-16 10:16:11.371465,1260.0,1,1255.0,369,1260.0,205,1,2454,2025-06-16
2025-06-16 10:16:39.725661,1255.0,1,1255.0,369,1260.0,207,2,2454,2025-06-16
2025-06-16 10:17:25.279555,1260.0,1,1255.0,370,1260.0,212,1,2454,2025-06-16
2025-06-16 10:17:34.019449,1255.0,1,1255.0,370,1260.0,213,2,2454,2025-06-16
2025-06-16 10:17:38.656633,1255.0,2,1255.0,367,1260.0,216,2,2454,2025-06-16
2025-06-16 10:17:38.662755,1255.0,6,1255.0,361,1260.0,216,2,2454,2025-06-16
2025-06-16 10:17:38.664923,1255.0,2,1255.0,367,1260.0,216,2,2454,2025-06-16
2025-06-16 10:17:38.669472,1255.0,4,1255.0,355,1260.0,216,2,2454,2025-06-16
2025-06-16 10:17:38.834094,1260.0,1,1255.0,355,1260.0,215,1,2454,2025-06-16
2025-06-16 10:17:43.212077,1255.0,1,1255.0,354,1260.0,219,2,2454,2025-06-16
2025-06-16 10:18:05.761684,1255.0,2,1255.0,354,1260.0,219,2,2454,2025-06-16
2025-06-16 10:18:11.358215,1260.0,1,1255.0,355,1260.0,218,1,2454,2025-06-16
2025-06-16 10:18:17.104501,1260.0,1,1255.0,355,1260.0,218,1,2454,2025-06-16
2025-06-16 10:18:17.359666,1255.0,1,1255.0,354,1260.0,217,2,2454,2025-06-16
2025-06-16 10:18:38.844858,1255.0,2,1255.0,351,1260.0,220,2,2454,2025-06-16
2025-06-16 10:18:38.847986,1255.0,4,1255.0,347,1260.0,218,2,2454,2025-06-16
2025-06-16 10:18:38.854216,1255.0,6,1255.0,341,1260.0,218,2,2454,2025-06-16
2025-06-16 10:18:38.854713,1255.0,2,1255.0,339,1260.0,218,2,2454,2025-06-16
2025-06-16 10:18:38.859117,1255.0,4,1255.0,335,1260.0,218,2,2454,2025-06-16
2025-06-16 10:18:38.955529,1260.0,1,1255.0,335,1260.0,219,1,2454,2025-06-16
2025-06-16 10:18:50.096230,1255.0,1,1255.0,334,1260.0,219,2,2454,2025-06-16
2025-06-16 10:19:29.290338,1255.0,4,1255.0,327,1260.0,262,2,2454,2025-06-16
2025-06-16 10:19:29.294931,1255.0,6,1255.0,321,1260.0,262,2,2454,2025-06-16
2025-06-16 10:19:29.295623,1255.0,2,1255.0,319,1260.0,260,2,2454,2025-06-16
2025-06-16 10:19:29.297269,1255.0,4,1255.0,327,1260.0,262,2,2454,2025-06-16
2025-06-16 10:19:29.301142,1255.0,2,1255.0,313,1260.0,260,2,2454,2025-06-16
2025-06-16 10:19:29.317855,1255.0,22,1255.0,291,1260.0,260,2,2454,2025-06-16
2025-06-16 10:19:29.343163,1255.0,4,1255.0,287,1260.0,263,2,2454,2025-06-16
2025-06-16 10:19:30.215074,1255.0,5,1255.0,280,1260.0,262,2,2454,2025-06-16
2025-06-16 10:19:30.244282,1255.0,1,1255.0,279,1260.0,262,2,2454,2025-06-16
2025-06-16 10:19:30.248620,1255.0,6,1255.0,273,1260.0,262,2,2454,2025-06-16
2025-06-16 10:19:30.249888,1255.0,4,1255.0,269,1260.0,262,2,2454,2025-06-16
2025-06-16 10:19:30.254659,1255.0,2,1255.0,267,1260.0,262,2,2454,2025-06-16
2025-06-16 10:19:30.275846,1255.0,17,1255.0,250,1260.0,262,2,2454,2025-06-16
2025-06-16 10:19:30.311897,1255.0,2,1255.0,248,1260.0,263,2,2454,2025-06-16
2025-06-16 10:19:30.311907,1255.0,2,1255.0,246,1260.0,263,2,2454,2025-06-16
2025-06-16 10:19:30.327714,1255.0,4,1255.0,242,1260.0,273,2,2454,2025-06-16
2025-06-16 10:19:30.330322,1255.0,2,1255.0,240,1260.0,273,2,2454,2025-06-16
2025-06-16 10:19:30.364785,1255.0,2,1255.0,238,1260.0,273,2,2454,2025-06-16
2025-06-16 10:19:30.394657,1255.0,7,1255.0,231,1260.0,273,2,2454,2025-06-16
2025-06-16 10:19:30.828856,1255.0,10,1255.0,216,1260.0,273,2,2454,2025-06-16
2025-06-16 10:19:30.862037,1255.0,25,1255.0,191,1260.0,273,2,2454,2025-06-16
2025-06-16 10:19:30.893755,1255.0,1,1255.0,190,1260.0,273,2,2454,2025-06-16
2025-06-16 10:19:30.894389,1255.0,11,1255.0,179,1260.0,273,2,2454,2025-06-16
2025-06-16 10:19:30.903219,1255.0,2,1255.0,177,1260.0,273,2,2454,2025-06-16
2025-06-16 10:19:30.904933,1255.0,4,1255.0,173,1260.0,273,2,2454,2025-06-16
2025-06-16 10:19:30.905424,1255.0,2,1255.0,171,1260.0,273,2,2454,2025-06-16
2025-06-16 10:19:30.905438,1255.0,2,1255.0,179,1260.0,273,2,2454,2025-06-16
2025-06-16 10:19:30.926894,1255.0,2,1255.0,167,1260.0,273,2,2454,2025-06-16
2025-06-16 10:19:30.927277,1255.0,5,1255.0,162,1260.0,273,2,2454,2025-06-16
2025-06-16 10:19:30.927548,1255.0,2,1255.0,160,1260.0,271,2,2454,2025-06-16
2025-06-16 10:19:30.940434,1255.0,1,1255.0,159,1260.0,271,2,2454,2025-06-16
2025-06-16 10:19:30.940473,1255.0,2,1255.0,157,1260.0,269,2,2454,2025-06-16
2025-06-16 10:19:32.538272,1255.0,1,1255.0,144,1260.0,273,2,2454,2025-06-16
2025-06-16 10:19:32.719091,1255.0,9,1255.0,135,1260.0,273,2,2454,2025-06-16
2025-06-16 10:19:39.796268,1255.0,2,1255.0,161,1260.0,264,2,2454,2025-06-16
2025-06-16 10:19:50.443408,1255.0,1,1255.0,158,1260.0,275,2,2454,2025-06-16
2025-06-16 10:19:52.900077,1260.0,1,1255.0,158,1260.0,283,1,2454,2025-06-16
2025-06-16 10:20:13.306575,1255.0,1,1255.0,160,1260.0,288,2,2454,2025-06-16
2025-06-16 10:20:22.217432,1255.0,1,1255.0,159,1260.0,288,2,2454,2025-06-16
2025-06-16 10:20:45.366029,1255.0,2,1255.0,159,1260.0,296,2,2454,2025-06-16
2025-06-16 10:21:06.601681,1260.0,1,1255.0,160,1260.0,301,1,2454,2025-06-16
2025-06-16 10:21:10.758405,1255.0,2,1255.0,158,1260.0,303,2,2454,2025-06-16
2025-06-16 10:21:10.948560,1255.0,1,1255.0,157,1260.0,303,2,2454,2025-06-16
2025-06-16 10:21:22.400980,1255.0,1,1255.0,158,1260.0,308,2,2454,2025-06-16
2025-06-16 10:21:40.038220,1255.0,1,1255.0,148,1260.0,308,2,2454,2025-06-16
2025-06-16 10:21:41.655276,1255.0,1,1255.0,142,1260.0,308,2,2454,2025-06-16
2025-06-16 10:21:44.620191,1255.0,1,1255.0,141,1260.0,310,2,2454,2025-06-16
2025-06-16 10:22:03.815792,1255.0,2,1255.0,145,1260.0,308,2,2454,2025-06-16
2025-06-16 10:22:03.892933,1255.0,1,1255.0,145,1260.0,308,2,2454,2025-06-16
2025-06-16 10:22:20.521479,1260.0,1,1255.0,158,1260.0,308,1,2454,2025-06-16
2025-06-16 10:23:04.542397,1255.0,1,1255.0,156,1260.0,310,2,2454,2025-06-16
2025-06-16 10:23:35.200323,1260.0,1,1255.0,145,1260.0,311,1,2454,2025-06-16
2025-06-16 10:23:46.098815,1260.0,1,1255.0,145,1260.0,310,1,2454,2025-06-16
2025-06-16 10:23:46.180747,1255.0,1,1255.0,144,1260.0,310,2,2454,2025-06-16
2025-06-16 10:23:58.686738,1255.0,1,1255.0,144,1260.0,312,2,2454,2025-06-16
2025-06-16 10:24:04.180345,1255.0,10,1255.0,135,1260.0,312,2,2454,2025-06-16
2025-06-16 10:24:04.358388,1255.0,1,1255.0,134,1260.0,312,2,2454,2025-06-16
2025-06-16 10:24:06.468904,1255.0,1,1255.0,133,1260.0,313,2,2454,2025-06-16
2025-06-16 10:24:06.538216,1255.0,2,1255.0,131,1260.0,315,2,2454,2025-06-16
2025-06-16 10:24:06.544178,1255.0,1,1255.0,130,1260.0,315,2,2454,2025-06-16
2025-06-16 10:24:10.498590,1255.0,1,1255.0,124,1260.0,316,2,2454,2025-06-16
2025-06-16 10:24:10.873799,1255.0,2,1255.0,122,1260.0,316,2,2454,2025-06-16
2025-06-16 10:24:11.772070,1260.0,1,1255.0,122,1260.0,317,1,2454,2025-06-16
2025-06-16 10:24:12.579532,1255.0,1,1255.0,120,1260.0,317,2,2454,2025-06-16
2025-06-16 10:24:13.359524,1255.0,1,1255.0,118,1260.0,317,2,2454,2025-06-16
2025-06-16 10:24:15.214197,1255.0,4,1255.0,113,1260.0,318,2,2454,2025-06-16
2025-06-16 10:24:15.307906,1255.0,1,1255.0,112,1260.0,318,2,2454,2025-06-16
2025-06-16 10:24:18.414091,1255.0,1,1255.0,110,1260.0,318,2,2454,2025-06-16
2025-06-16 10:24:22.932832,1255.0,1,1255.0,109,1260.0,320,2,2454,2025-06-16
2025-06-16 10:24:23.007777,1255.0,1,1255.0,108,1260.0,319,2,2454,2025-06-16
2025-06-16 10:24:25.185551,1255.0,1,1255.0,107,1260.0,321,2,2454,2025-06-16
2025-06-16 10:24:49.140554,1260.0,1,1255.0,110,1260.0,321,1,2454,2025-06-16
2025-06-16 10:24:51.507401,1255.0,1,1255.0,109,1260.0,322,2,2454,2025-06-16
2025-06-16 10:24:51.736995,1255.0,1,1255.0,107,1260.0,321,2,2454,2025-06-16
2025-06-16 10:24:52.167661,1255.0,1,1255.0,106,1260.0,321,2,2454,2025-06-16
2025-06-16 10:25:07.860531,1260.0,1,1255.0,107,1260.0,320,1,2454,2025-06-16
2025-06-16 10:25:07.894998,1255.0,1,1255.0,106,1260.0,320,2,2454,2025-06-16
2025-06-16 10:25:08.153201,1255.0,1,1255.0,105,1260.0,321,2,2454,2025-06-16
2025-06-16 10:25:13.155115,1255.0,1,1255.0,105,1260.0,322,2,2454,2025-06-16
2025-06-16 10:25:13.178881,1255.0,1,1255.0,103,1260.0,322,2,2454,2025-06-16
2025-06-16 10:25:43.111503,1260.0,1,1255.0,104,1260.0,325,1,2454,2025-06-16
2025-06-16 10:25:44.137726,1255.0,2,1255.0,102,1260.0,327,2,2454,2025-06-16
2025-06-16 10:25:44.254939,1255.0,2,1255.0,100,1260.0,327,2,2454,2025-06-16
2025-06-16 10:25:44.255862,1255.0,2,1255.0,98,1260.0,327,2,2454,2025-06-16
2025-06-16 10:25:44.261739,1255.0,2,1255.0,96,1260.0,327,2,2454,2025-06-16
2025-06-16 10:25:44.263521,1255.0,96,1250.0,314,1255.0,4,2,2454,2025-06-16
2025-06-16 10:25:44.280505,1250.0,5,1250.0,309,1255.0,4,2,2454,2025-06-16
2025-06-16 10:25:45.898597,1250.0,5,1250.0,306,1255.0,36,2,2454,2025-06-16
2025-06-16 10:25:46.176445,1250.0,19,1250.0,282,1255.0,43,2,2454,2025-06-16
2025-06-16 10:25:46.608523,1250.0,1,1250.0,297,1255.0,48,2,2454,2025-06-16
2025-06-16 10:25:48.288564,1255.0,1,1250.0,296,1255.0,47,1,2454,2025-06-16
2025-06-16 10:25:48.714572,1250.0,1,1250.0,295,1255.0,68,2,2454,2025-06-16
2025-06-16 10:25:48.839124,1250.0,2,1250.0,293,1255.0,68,2,2454,2025-06-16
2025-06-16 10:25:48.988145,1250.0,1,1250.0,292,1255.0,69,2,2454,2025-06-16
2025-06-16 10:25:49.018806,1250.0,2,1250.0,292,1255.0,71,2,2454,2025-06-16
2025-06-16 10:25:55.231391,1250.0,5,1250.0,285,1255.0,97,2,2454,2025-06-16
2025-06-16 10:26:00.569507,1250.0,1,1250.0,285,1255.0,107,2,2454,2025-06-16
2025-06-16 10:26:02.887676,1255.0,1,1250.0,286,1255.0,113,1,2454,2025-06-16
2025-06-16 10:26:15.690822,1255.0,1,1250.0,287,1255.0,132,1,2454,2025-06-16
2025-06-16 10:26:43.261392,1250.0,10,1250.0,283,1255.0,148,2,2454,2025-06-16
2025-06-16 10:26:48.741910,1250.0,2,1250.0,276,1255.0,155,2,2454,2025-06-16
2025-06-16 10:27:16.721611,1255.0,1,1250.0,264,1255.0,156,1,2454,2025-06-16
2025-06-16 10:27:45.143027,1250.0,2,1250.0,262,1255.0,158,2,2454,2025-06-16
2025-06-16 10:27:53.923108,1250.0,1,1250.0,262,1255.0,158,2,2454,2025-06-16
2025-06-16 10:28:30.492638,1255.0,1,1250.0,257,1255.0,164,1,2454,2025-06-16
2025-06-16 10:28:45.366067,1250.0,1,1250.0,257,1255.0,170,2,2454,2025-06-16
2025-06-16 10:30:15.549678,1250.0,5,1250.0,267,1255.0,197,2,2454,2025-06-16
2025-06-16 10:30:27.156624,1250.0,1,1250.0,266,1255.0,198,2,2454,2025-06-16
2025-06-16 10:30:32.393363,1250.0,1,1250.0,265,1255.0,199,2,2454,2025-06-16
2025-06-16 10:30:56.005738,1250.0,2,1250.0,269,1255.0,205,2,2454,2025-06-16
2025-06-16 10:30:59.313939,1255.0,1,1250.0,269,1255.0,204,1,2454,2025-06-16
2025-06-16 10:31:14.417152,1250.0,1,1250.0,268,1255.0,206,2,2454,2025-06-16
2025-06-16 10:31:16.571837,1250.0,1,1250.0,267,1255.0,208,2,2454,2025-06-16
2025-06-16 10:32:03.629371,1255.0,1,1250.0,267,1255.0,211,1,2454,2025-06-16
2025-06-16 10:32:13.640878,1250.0,2,1250.0,267,1255.0,210,2,2454,2025-06-16
2025-06-16 10:33:00.341500,1250.0,1,1250.0,265,1255.0,214,2,2454,2025-06-16
2025-06-16 10:33:08.138467,1255.0,1,1250.0,265,1255.0,213,1,2454,2025-06-16
2025-06-16 10:33:18.607548,1250.0,1,1250.0,264,1255.0,213,2,2454,2025-06-16
2025-06-16 10:33:18.794680,1250.0,1,1250.0,264,1255.0,213,2,2454,2025-06-16
2025-06-16 10:33:25.495437,1255.0,1,1250.0,264,1255.0,212,1,2454,2025-06-16
2025-06-16 10:33:26.758131,1255.0,1,1250.0,264,1255.0,211,1,2454,2025-06-16
2025-06-16 10:33:44.126870,1250.0,1,1250.0,277,1255.0,206,2,2454,2025-06-16
2025-06-16 10:34:17.771605,1250.0,1,1250.0,282,1255.0,207,2,2454,2025-06-16
2025-06-16 10:34:28.484057,1250.0,2,1250.0,279,1255.0,208,2,2454,2025-06-16
2025-06-16 10:34:30.241987,1250.0,1,1250.0,277,1255.0,212,2,2454,2025-06-16
2025-06-16 10:35:07.592244,1250.0,2,1250.0,274,1255.0,216,2,2454,2025-06-16
2025-06-16 10:35:17.214490,1250.0,3,1250.0,290,1255.0,218,2,2454,2025-06-16
2025-06-16 10:35:33.788376,1250.0,1,1250.0,287,1255.0,218,2,2454,2025-06-16
2025-06-16 10:35:33.978172,1250.0,1,1250.0,286,1255.0,218,2,2454,2025-06-16
2025-06-16 10:35:40.388995,1250.0,1,1250.0,287,1255.0,218,2,2454,2025-06-16
2025-06-16 10:35:55.161587,1255.0,1,1250.0,288,1255.0,214,1,2454,2025-06-16
2025-06-16 10:36:09.677622,1250.0,2,1250.0,282,1255.0,213,2,2454,2025-06-16
2025-06-16 10:36:21.287345,1250.0,1,1250.0,286,1255.0,214,2,2454,2025-06-16
2025-06-16 10:36:56.765033,1255.0,8,1250.0,310,1255.0,205,1,2454,2025-06-16
2025-06-16 10:37:01.304081,1250.0,1,1250.0,313,1255.0,203,2,2454,2025-06-16
2025-06-16 10:37:05.938921,1250.0,15,1250.0,299,1255.0,203,2,2454,2025-06-16
2025-06-16 10:37:06.046834,1250.0,1,1250.0,298,1255.0,203,2,2454,2025-06-16
2025-06-16 10:37:06.099941,1255.0,1,1250.0,297,1255.0,202,1,2454,2025-06-16
2025-06-16 10:37:08.054137,1250.0,3,1250.0,300,1255.0,202,2,2454,2025-06-16
2025-06-16 10:37:48.924623,1250.0,1,1250.0,306,1255.0,200,2,2454,2025-06-16
2025-06-16 10:38:11.788012,1250.0,2,1250.0,303,1255.0,210,2,2454,2025-06-16
2025-06-16 10:38:14.200303,1250.0,1,1250.0,302,1255.0,210,2,2454,2025-06-16
2025-06-16 10:38:22.763438,1255.0,1,1250.0,302,1255.0,209,1,2454,2025-06-16
2025-06-16 10:38:22.838456,1250.0,1,1250.0,301,1255.0,209,2,2454,2025-06-16
2025-06-16 10:38:58.693601,1255.0,1,1250.0,304,1255.0,209,1,2454,2025-06-16
2025-06-16 10:39:22.410462,1250.0,3,1250.0,300,1255.0,210,2,2454,2025-06-16
2025-06-16 10:39:22.466704,1250.0,1,1250.0,299,1255.0,210,2,2454,2025-06-16
2025-06-16 10:39:27.349478,1250.0,1,1250.0,299,1255.0,210,2,2454,2025-06-16
2025-06-16 10:39:33.017783,1250.0,1,1250.0,302,1255.0,210,2,2454,2025-06-16
2025-06-16 10:39:34.063832,1255.0,1,1250.0,302,1255.0,209,1,2454,2025-06-16
2025-06-16 10:39:37.507822,1255.0,1,1250.0,302,1255.0,208,1,2454,2025-06-16
2025-06-16 10:39:50.568311,1255.0,1,1250.0,304,1255.0,208,1,2454,2025-06-16
2025-06-16 10:39:58.500300,1255.0,1,1250.0,309,1255.0,207,1,2454,2025-06-16
2025-06-16 10:40:07.866889,1250.0,1,1250.0,317,1255.0,208,2,2454,2025-06-16
2025-06-16 10:40:09.805131,1250.0,1,1250.0,315,1255.0,208,2,2454,2025-06-16
2025-06-16 10:40:24.964073,1250.0,5,1250.0,304,1255.0,208,2,2454,2025-06-16
2025-06-16 10:40:25.062872,1255.0,1,1250.0,304,1255.0,207,1,2454,2025-06-16
2025-06-16 10:40:26.295880,1250.0,5,1250.0,300,1255.0,207,2,2454,2025-06-16
2025-06-16 10:40:28.366518,1250.0,1,1250.0,299,1255.0,206,2,2454,2025-06-16
2025-06-16 10:40:28.454666,1250.0,5,1250.0,294,1255.0,206,2,2454,2025-06-16
2025-06-16 10:40:28.465339,1250.0,2,1250.0,292,1255.0,206,2,2454,2025-06-16
2025-06-16 10:40:29.048896,1250.0,2,1250.0,290,1255.0,206,2,2454,2025-06-16
2025-06-16 10:40:29.266223,1255.0,2,1250.0,290,1255.0,205,1,2454,2025-06-16
2025-06-16 10:40:34.158698,1255.0,1,1250.0,291,1255.0,205,1,2454,2025-06-16
2025-06-16 10:40:51.000029,1250.0,1,1250.0,292,1255.0,205,2,2454,2025-06-16
2025-06-16 10:40:51.242956,1255.0,1,1250.0,292,1255.0,204,1,2454,2025-06-16
2025-06-16 10:41:16.702745,1255.0,1,1250.0,285,1255.0,175,1,2454,2025-06-16
2025-06-16 10:41:26.316288,1255.0,1,1250.0,286,1255.0,180,1,2454,2025-06-16
2025-06-16 10:41:40.857180,1250.0,2,1250.0,302,1255.0,181,2,2454,2025-06-16
2025-06-16 10:41:44.827570,1250.0,2,1250.0,309,1255.0,176,2,2454,2025-06-16
2025-06-16 10:41:56.456759,1250.0,1,1250.0,302,1255.0,211,2,2454,2025-06-16
2025-06-16 10:42:04.916039,1255.0,1,1250.0,299,1255.0,210,1,2454,2025-06-16
2025-06-16 10:42:05.323439,1255.0,1,1250.0,299,1255.0,209,1,2454,2025-06-16
2025-06-16 10:42:32.891030,1255.0,1,1250.0,306,1255.0,204,1,2454,2025-06-16
2025-06-16 10:42:47.023834,1250.0,2,1250.0,295,1255.0,203,2,2454,2025-06-16
2025-06-16 10:43:00.548190,1250.0,1,1250.0,296,1255.0,205,2,2454,2025-06-16
2025-06-16 10:43:07.304800,1255.0,1,1250.0,295,1255.0,204,1,2454,2025-06-16
2025-06-16 10:43:18.371314,1255.0,1,1250.0,317,1255.0,202,1,2454,2025-06-16
2025-06-16 10:43:52.510859,1250.0,1,1250.0,318,1255.0,204,2,2454,2025-06-16
2025-06-16 10:44:00.040770,1255.0,1,1250.0,323,1255.0,203,1,2454,2025-06-16
2025-06-16 10:44:10.510780,1250.0,2,1250.0,319,1255.0,203,2,2454,2025-06-16
2025-06-16 10:44:11.237773,1255.0,1,1250.0,319,1255.0,202,1,2454,2025-06-16
2025-06-16 10:44:17.759352,1250.0,1,1250.0,317,1255.0,202,2,2454,2025-06-16
2025-06-16 10:44:21.053862,1250.0,1,1250.0,306,1255.0,203,2,2454,2025-06-16
2025-06-16 10:44:52.830274,1255.0,1,1250.0,317,1255.0,203,1,2454,2025-06-16
2025-06-16 10:44:53.399876,1255.0,3,1250.0,317,1255.0,200,1,2454,2025-06-16
2025-06-16 10:44:56.806674,1255.0,1,1250.0,317,1255.0,199,1,2454,2025-06-16
2025-06-16 10:44:57.810618,1250.0,1,1250.0,317,1255.0,199,2,2454,2025-06-16
2025-06-16 10:44:58.051786,1255.0,1,1250.0,323,1255.0,198,1,2454,2025-06-16
2025-06-16 10:45:35.416583,1250.0,1,1250.0,306,1255.0,202,2,2454,2025-06-16
2025-06-16 10:45:46.875105,1255.0,1,1250.0,326,1255.0,201,1,2454,2025-06-16
2025-06-16 10:45:55.379698,1255.0,1,1250.0,326,1255.0,201,1,2454,2025-06-16
2025-06-16 10:46:02.491325,1250.0,1,1250.0,324,1255.0,200,2,2454,2025-06-16
2025-06-16 10:46:18.086999,1250.0,1,1250.0,311,1255.0,201,2,2454,2025-06-16
2025-06-16 10:46:40.656460,1250.0,1,1250.0,311,1255.0,201,2,2454,2025-06-16
2025-06-16 10:47:00.199396,1250.0,1,1250.0,310,1255.0,201,2,2454,2025-06-16
2025-06-16 10:47:00.582778,1255.0,1,1250.0,310,1255.0,200,1,2454,2025-06-16
2025-06-16 10:47:27.083962,1255.0,1,1250.0,310,1255.0,198,1,2454,2025-06-16
2025-06-16 10:47:27.633852,1255.0,1,1250.0,310,1255.0,197,1,2454,2025-06-16
2025-06-16 10:47:35.581836,1250.0,1,1250.0,310,1255.0,196,2,2454,2025-06-16
2025-06-16 10:48:00.167546,1255.0,1,1250.0,311,1255.0,195,1,2454,2025-06-16
2025-06-16 10:48:15.284501,1255.0,1,1250.0,311,1255.0,194,1,2454,2025-06-16
2025-06-16 10:48:46.854332,1255.0,1,1250.0,312,1255.0,191,1,2454,2025-06-16
2025-06-16 10:48:55.500971,1255.0,1,1250.0,312,1255.0,190,1,2454,2025-06-16
2025-06-16 10:48:55.826915,1250.0,2,1250.0,310,1255.0,191,2,2454,2025-06-16
2025-06-16 10:49:00.809830,1250.0,1,1250.0,318,1255.0,190,2,2454,2025-06-16
2025-06-16 10:49:29.015701,1255.0,1,1250.0,304,1255.0,190,1,2454,2025-06-16
2025-06-16 10:49:29.245711,1255.0,1,1250.0,304,1255.0,189,1,2454,2025-06-16
2025-06-16 10:49:39.220707,1250.0,45,1250.0,260,1255.0,189,2,2454,2025-06-16
2025-06-16 10:49:39.288481,1250.0,1,1250.0,258,1255.0,189,2,2454,2025-06-16
2025-06-16 10:49:39.681719,1255.0,5,1250.0,256,1255.0,189,1,2454,2025-06-16
2025-06-16 10:49:46.019022,1250.0,1,1250.0,256,1255.0,187,2,2454,2025-06-16
2025-06-16 10:49:48.787508,1250.0,9,1250.0,256,1255.0,178,2,2454,2025-06-16
2025-06-16 10:49:50.011135,1255.0,1,1250.0,247,1255.0,177,1,2454,2025-06-16
2025-06-16 10:49:58.326595,1250.0,1,1250.0,254,1255.0,181,2,2454,2025-06-16
2025-06-16 10:50:15.848342,1250.0,1,1250.0,255,1255.0,180,2,2454,2025-06-16
2025-06-16 10:50:42.071323,1250.0,1,1250.0,253,1255.0,181,2,2454,2025-06-16
2025-06-16 10:50:42.746325,1255.0,1,1250.0,253,1255.0,180,1,2454,2025-06-16
2025-06-16 10:50:48.188192,1255.0,1,1250.0,255,1255.0,179,1,2454,2025-06-16
2025-06-16 10:51:50.413340,1250.0,1,1250.0,263,1255.0,181,2,2454,2025-06-16
2025-06-16 10:51:51.161934,1250.0,1,1250.0,262,1255.0,181,2,2454,2025-06-16
2025-06-16 10:51:52.071873,1255.0,1,1250.0,262,1255.0,180,1,2454,2025-06-16
2025-06-16 10:51:57.252167,1255.0,1,1250.0,262,1255.0,179,1,2454,2025-06-16
2025-06-16 10:51:57.373583,1255.0,4,1250.0,262,1255.0,158,1,2454,2025-06-16
2025-06-16 10:51:57.445132,1250.0,1,1250.0,261,1255.0,174,2,2454,2025-06-16
2025-06-16 10:52:03.393418,1250.0,1,1250.0,254,1255.0,173,2,2454,2025-06-16
2025-06-16 10:52:22.271963,1250.0,1,1250.0,256,1255.0,175,2,2454,2025-06-16
2025-06-16 10:52:51.177384,1255.0,1,1250.0,260,1255.0,174,1,2454,2025-06-16
2025-06-16 10:52:51.631101,1255.0,1,1250.0,260,1255.0,173,1,2454,2025-06-16
2025-06-16 10:53:10.965945,1255.0,1,1250.0,261,1255.0,175,1,2454,2025-06-16
2025-06-16 10:53:34.323695,1255.0,2,1250.0,255,1255.0,175,1,2454,2025-06-16
2025-06-16 10:53:44.625652,1250.0,1,1250.0,256,1255.0,177,2,2454,2025-06-16
2025-06-16 10:53:44.799494,1250.0,1,1250.0,256,1255.0,176,2,2454,2025-06-16
2025-06-16 10:54:24.631134,1255.0,1,1250.0,265,1255.0,146,1,2454,2025-06-16
2025-06-16 10:55:16.892613,1250.0,2,1250.0,265,1255.0,144,2,2454,2025-06-16
2025-06-16 10:55:22.302292,1255.0,1,1250.0,266,1255.0,144,1,2454,2025-06-16
2025-06-16 10:55:23.081656,1255.0,1,1250.0,266,1255.0,143,1,2454,2025-06-16
2025-06-16 10:55:25.363702,1250.0,1,1250.0,267,1255.0,142,2,2454,2025-06-16
2025-06-16 10:55:25.364984,1250.0,1,1250.0,268,1255.0,142,2,2454,2025-06-16
2025-06-16 10:55:26.212633,1255.0,1,1250.0,266,1255.0,141,1,2454,2025-06-16
2025-06-16 10:55:29.027963,1250.0,2,1250.0,264,1255.0,139,2,2454,2025-06-16
2025-06-16 10:55:39.357908,1255.0,1,1250.0,267,1255.0,139,1,2454,2025-06-16
2025-06-16 10:55:50.441594,1255.0,1,1250.0,270,1255.0,126,1,2454,2025-06-16
2025-06-16 10:56:53.140653,1255.0,1,1250.0,293,1255.0,135,1,2454,2025-06-16
2025-06-16 10:57:24.183189,1250.0,1,1250.0,295,1255.0,135,2,2454,2025-06-16
2025-06-16 10:57:24.898955,1255.0,1,1250.0,295,1255.0,134,1,2454,2025-06-16
2025-06-16 10:57:38.850234,1255.0,1,1250.0,295,1255.0,131,1,2454,2025-06-16
2025-06-16 10:58:06.806266,1255.0,1,1250.0,279,1255.0,127,1,2454,2025-06-16
2025-06-16 10:58:24.478871,1255.0,1,1250.0,277,1255.0,126,1,2454,2025-06-16
2025-06-16 10:58:48.240192,1250.0,1,1250.0,278,1255.0,134,2,2454,2025-06-16
2025-06-16 10:59:20.520226,1255.0,1,1250.0,282,1255.0,133,1,2454,2025-06-16
2025-06-16 10:59:47.079466,1255.0,1,1250.0,278,1255.0,132,1,2454,2025-06-16
2025-06-16 10:59:48.901869,1255.0,1,1250.0,278,1255.0,131,1,2454,2025-06-16
2025-06-16 11:00:19.248159,1255.0,1,1250.0,280,1255.0,125,1,2454,2025-06-16
2025-06-16 11:00:35.205470,1255.0,1,1250.0,281,1255.0,125,1,2454,2025-06-16
2025-06-16 11:00:35.968332,1255.0,1,1250.0,281,1255.0,124,1,2454,2025-06-16
2025-06-16 11:00:40.860583,1255.0,8,1250.0,283,1255.0,116,1,2454,2025-06-16
2025-06-16 11:00:40.879651,1255.0,10,1250.0,283,1255.0,106,1,2454,2025-06-16
2025-06-16 11:00:40.906366,1255.0,1,1250.0,289,1255.0,105,1,2454,2025-06-16
2025-06-16 11:00:40.907827,1255.0,40,1250.0,289,1255.0,65,1,2454,2025-06-16
2025-06-16 11:00:40.929973,1255.0,6,1250.0,289,1255.0,59,1,2454,2025-06-16
2025-06-16 11:00:40.930139,1255.0,4,1250.0,289,1255.0,55,1,2454,2025-06-16
2025-06-16 11:00:40.930188,1255.0,48,1250.0,289,1255.0,7,1,2454,2025-06-16
2025-06-16 11:00:40.930672,1255.0,2,1250.0,291,1255.0,5,1,2454,2025-06-16
2025-06-16 11:00:40.930780,1255.0,5,1250.0,288,1260.0,151,1,2454,2025-06-16
2025-06-16 11:00:40.970296,1260.0,1,1255.0,13,1260.0,146,1,2454,2025-06-16
2025-06-16 11:00:41.037693,1255.0,1,1255.0,24,1260.0,146,2,2454,2025-06-16
2025-06-16 11:00:41.076341,1255.0,2,1255.0,23,1260.0,146,2,2454,2025-06-16
2025-06-16 11:00:41.078594,1255.0,3,1255.0,20,1260.0,146,2,2454,2025-06-16
2025-06-16 11:00:41.474931,1260.0,13,1255.0,24,1260.0,136,1,2454,2025-06-16
2025-06-16 11:00:41.759340,1255.0,1,1255.0,48,1260.0,135,2,2454,2025-06-16
2025-06-16 11:00:42.578493,1260.0,2,1255.0,35,1260.0,136,1,2454,2025-06-16
2025-06-16 11:01:01.721825,1260.0,1,1255.0,53,1260.0,133,1,2454,2025-06-16
2025-06-16 11:01:27.816869,1260.0,1,1255.0,46,1260.0,135,1,2454,2025-06-16
2025-06-16 11:01:48.761011,1260.0,1,1255.0,73,1260.0,136,1,2454,2025-06-16
2025-06-16 11:01:52.631298,1260.0,1,1255.0,70,1260.0,135,1,2454,2025-06-16
2025-06-16 11:02:09.329397,1260.0,5,1255.0,75,1260.0,128,1,2454,2025-06-16
2025-06-16 11:02:51.165677,1260.0,1,1255.0,80,1260.0,122,1,2454,2025-06-16
2025-06-16 11:02:55.846728,1260.0,1,1255.0,80,1260.0,121,1,2454,2025-06-16
2025-06-16 11:03:02.497756,1260.0,1,1255.0,80,1260.0,120,1,2454,2025-06-16
2025-06-16 11:03:24.595358,1255.0,2,1255.0,105,1260.0,114,2,2454,2025-06-16
2025-06-16 11:03:56.289438,1255.0,5,1255.0,95,1260.0,113,2,2454,2025-06-16
2025-06-16 11:04:17.184421,1260.0,1,1255.0,88,1260.0,117,1,2454,2025-06-16
2025-06-16 11:05:30.906278,1260.0,1,1255.0,103,1260.0,123,1,2454,2025-06-16
2025-06-16 11:05:30.944542,1260.0,1,1255.0,103,1260.0,122,1,2454,2025-06-16
2025-06-16 11:06:42.967423,1260.0,1,1255.0,107,1260.0,228,1,2454,2025-06-16
2025-06-16 11:06:44.580850,1260.0,1,1255.0,110,1260.0,226,1,2454,2025-06-16
2025-06-16 11:07:04.401516,1260.0,1,1255.0,115,1260.0,226,1,2454,2025-06-16
2025-06-16 11:07:22.280722,1260.0,1,1255.0,113,1260.0,225,1,2454,2025-06-16
2025-06-16 11:08:25.315578,1260.0,1,1255.0,118,1260.0,238,1,2454,2025-06-16
2025-06-16 11:08:34.177198,1260.0,1,1255.0,113,1260.0,245,1,2454,2025-06-16
2025-06-16 11:08:49.593549,1260.0,1,1255.0,109,1260.0,243,1,2454,2025-06-16
2025-06-16 11:09:13.497572,1260.0,1,1255.0,110,1260.0,247,1,2454,2025-06-16
2025-06-16 11:10:17.176676,1260.0,1,1255.0,113,1260.0,252,1,2454,2025-06-16
2025-06-16 11:10:27.021688,1260.0,1,1255.0,114,1260.0,252,1,2454,2025-06-16
2025-06-16 11:10:28.044127,1260.0,1,1255.0,114,1260.0,251,1,2454,2025-06-16
2025-06-16 11:10:33.028598,1260.0,1,1255.0,117,1260.0,249,1,2454,2025-06-16
2025-06-16 11:10:37.503115,1255.0,1,1255.0,115,1260.0,248,2,2454,2025-06-16
2025-06-16 11:11:27.681861,1255.0,2,1255.0,109,1260.0,252,2,2454,2025-06-16
2025-06-16 11:11:39.545416,1255.0,2,1255.0,106,1260.0,252,2,2454,2025-06-16
2025-06-16 11:11:39.556800,1255.0,2,1255.0,104,1260.0,252,2,2454,2025-06-16
2025-06-16 11:11:39.556812,1255.0,4,1255.0,100,1260.0,252,2,2454,2025-06-16
2025-06-16 11:11:40.908038,1260.0,1,1255.0,100,1260.0,253,1,2454,2025-06-16
2025-06-16 11:12:14.591929,1260.0,2,1255.0,98,1260.0,250,1,2454,2025-06-16
2025-06-16 11:13:38.390649,1260.0,5,1255.0,106,1260.0,252,1,2454,2025-06-16
2025-06-16 11:13:39.275816,1260.0,1,1255.0,107,1260.0,252,1,2454,2025-06-16
2025-06-16 11:14:08.488504,1260.0,1,1255.0,107,1260.0,251,1,2454,2025-06-16
2025-06-16 11:14:29.497187,1260.0,1,1255.0,110,1260.0,250,1,2454,2025-06-16
2025-06-16 11:14:51.387084,1255.0,1,1255.0,112,1260.0,251,2,2454,2025-06-16
2025-06-16 11:15:22.625883,1260.0,1,1255.0,114,1260.0,253,1,2454,2025-06-16
2025-06-16 11:16:18.088876,1260.0,1,1255.0,115,1260.0,251,1,2454,2025-06-16
2025-06-16 11:16:36.741775,1260.0,1,1255.0,114,1260.0,251,1,2454,2025-06-16
2025-06-16 11:17:43.204618,1260.0,1,1255.0,117,1260.0,253,1,2454,2025-06-16
2025-06-16 11:17:49.490604,1260.0,1,1255.0,119,1260.0,250,1,2454,2025-06-16
2025-06-16 11:18:28.582191,1255.0,1,1255.0,114,1260.0,249,2,2454,2025-06-16
2025-06-16 11:18:59.459865,1260.0,1,1255.0,109,1260.0,250,1,2454,2025-06-16
2025-06-16 11:19:04.683975,1260.0,1,1255.0,110,1260.0,250,1,2454,2025-06-16
2025-06-16 11:19:13.462887,1260.0,1,1255.0,110,1260.0,250,1,2454,2025-06-16
2025-06-16 11:19:34.959721,1255.0,3,1255.0,113,1260.0,250,2,2454,2025-06-16
2025-06-16 11:19:45.172432,1255.0,2,1255.0,110,1260.0,250,2,2454,2025-06-16
2025-06-16 11:19:59.057681,1255.0,1,1255.0,109,1260.0,254,2,2454,2025-06-16
2025-06-16 11:20:18.751514,1260.0,1,1255.0,104,1260.0,255,1,2454,2025-06-16
2025-06-16 11:20:21.567203,1260.0,1,1255.0,109,1260.0,254,1,2454,2025-06-16
2025-06-16 11:20:34.974164,1260.0,1,1255.0,109,1260.0,254,1,2454,2025-06-16
2025-06-16 11:21:02.120657,1260.0,3,1255.0,120,1260.0,252,1,2454,2025-06-16
2025-06-16 11:21:10.426567,1255.0,1,1255.0,119,1260.0,252,2,2454,2025-06-16
2025-06-16 11:21:18.623380,1255.0,2,1255.0,117,1260.0,255,2,2454,2025-06-16
2025-06-16 11:21:38.667768,1260.0,1,1255.0,127,1260.0,255,1,2454,2025-06-16
2025-06-16 11:22:14.803545,1255.0,1,1255.0,129,1260.0,257,2,2454,2025-06-16
2025-06-16 11:22:29.824509,1255.0,2,1255.0,125,1260.0,257,2,2454,2025-06-16
2025-06-16 11:22:36.054372,1255.0,1,1255.0,124,1260.0,257,2,2454,2025-06-16
2025-06-16 11:22:46.486217,1260.0,1,1255.0,124,1260.0,257,1,2454,2025-06-16
2025-06-16 11:22:52.980126,1255.0,1,1255.0,123,1260.0,258,2,2454,2025-06-16
2025-06-16 11:23:40.944505,1255.0,1,1255.0,122,1260.0,263,2,2454,2025-06-16
2025-06-16 11:24:19.255109,1260.0,1,1255.0,114,1260.0,263,1,2454,2025-06-16
2025-06-16 11:24:34.263643,1255.0,1,1255.0,113,1260.0,261,2,2454,2025-06-16
2025-06-16 11:25:09.195304,1260.0,1,1255.0,120,1260.0,258,1,2454,2025-06-16
2025-06-16 11:25:14.068139,1255.0,1,1255.0,119,1260.0,258,2,2454,2025-06-16
2025-06-16 11:25:15.313241,1260.0,1,1255.0,119,1260.0,257,1,2454,2025-06-16
2025-06-16 11:25:44.406232,1255.0,1,1255.0,119,1260.0,264,2,2454,2025-06-16
2025-06-16 11:26:16.559714,1255.0,1,1255.0,116,1260.0,272,2,2454,2025-06-16
2025-06-16 11:26:29.013859,1260.0,1,1255.0,116,1260.0,271,1,2454,2025-06-16
2025-06-16 11:26:39.473967,1255.0,1,1255.0,115,1260.0,271,2,2454,2025-06-16
2025-06-16 11:26:52.928155,1255.0,2,1255.0,113,1260.0,273,2,2454,2025-06-16
2025-06-16 11:26:58.683043,1260.0,1,1255.0,114,1260.0,272,1,2454,2025-06-16
2025-06-16 11:27:02.558461,1260.0,1,1255.0,114,1260.0,272,1,2454,2025-06-16
2025-06-16 11:27:31.636754,1260.0,1,1255.0,116,1260.0,269,1,2454,2025-06-16
2025-06-16 11:27:42.894820,1260.0,1,1255.0,116,1260.0,272,1,2454,2025-06-16
2025-06-16 11:27:51.071279,1255.0,1,1255.0,117,1260.0,272,2,2454,2025-06-16
2025-06-16 11:27:58.238702,1255.0,1,1255.0,116,1260.0,273,2,2454,2025-06-16
2025-06-16 11:28:04.118465,1255.0,1,1255.0,115,1260.0,273,2,2454,2025-06-16
2025-06-16 11:28:36.517157,1255.0,1,1255.0,114,1260.0,276,2,2454,2025-06-16
2025-06-16 11:28:56.803566,1260.0,1,1255.0,116,1260.0,278,1,2454,2025-06-16
2025-06-16 11:29:07.293430,1255.0,1,1255.0,115,1260.0,278,2,2454,2025-06-16
2025-06-16 11:29:21.709644,1255.0,25,1255.0,90,1260.0,335,2,2454,2025-06-16
2025-06-16 11:29:21.767820,1260.0,1,1255.0,88,1260.0,338,1,2454,2025-06-16
2025-06-16 11:29:21.821520,1255.0,3,1255.0,88,1260.0,339,2,2454,2025-06-16
2025-06-16 11:29:30.927320,1260.0,1,1255.0,84,1260.0,341,1,2454,2025-06-16
2025-06-16 11:29:31.276076,1255.0,2,1255.0,82,1260.0,342,2,2454,2025-06-16
2025-06-16 11:29:31.901972,1255.0,1,1255.0,81,1260.0,343,2,2454,2025-06-16
2025-06-16 11:29:37.465319,1255.0,1,1255.0,80,1260.0,343,2,2454,2025-06-16
2025-06-16 11:29:40.973175,1255.0,1,1255.0,79,1260.0,343,2,2454,2025-06-16
2025-06-16 11:29:58.299150,1255.0,1,1255.0,80,1260.0,343,2,2454,2025-06-16
2025-06-16 11:29:58.361725,1255.0,1,1255.0,79,1260.0,343,2,2454,2025-06-16
2025-06-16 11:30:03.050042,1260.0,1,1255.0,80,1260.0,342,1,2454,2025-06-16
2025-06-16 11:30:10.722568,1260.0,1,1255.0,80,1260.0,341,1,2454,2025-06-16
2025-06-16 11:30:18.524132,1255.0,1,1255.0,77,1260.0,341,2,2454,2025-06-16
2025-06-16 11:30:25.122542,1255.0,1,1255.0,74,1260.0,341,2,2454,2025-06-16
2025-06-16 11:30:31.766246,1260.0,1,1255.0,77,1260.0,340,1,2454,2025-06-16
2025-06-16 11:31:22.422981,1255.0,1,1255.0,87,1260.0,345,2,2454,2025-06-16
2025-06-16 11:31:24.525189,1260.0,1,1255.0,80,1260.0,344,1,2454,2025-06-16
2025-06-16 11:31:47.057141,1255.0,1,1255.0,87,1260.0,343,2,2454,2025-06-16
2025-06-16 11:31:59.052528,1260.0,1,1255.0,85,1260.0,329,1,2454,2025-06-16
2025-06-16 11:31:59.112477,1255.0,1,1255.0,84,1260.0,329,2,2454,2025-06-16
2025-06-16 11:32:12.033360,1255.0,1,1255.0,85,1260.0,330,2,2454,2025-06-16
2025-06-16 11:32:34.178886,1260.0,1,1255.0,88,1260.0,332,1,2454,2025-06-16
2025-06-16 11:32:39.392494,1260.0,1,1255.0,88,1260.0,329,1,2454,2025-06-16
2025-06-16 11:32:42.346286,1255.0,1,1255.0,93,1260.0,329,2,2454,2025-06-16
2025-06-16 11:33:04.740248,1255.0,1,1255.0,93,1260.0,329,2,2454,2025-06-16
2025-06-16 11:33:11.924344,1255.0,1,1255.0,97,1260.0,330,2,2454,2025-06-16
2025-06-16 11:33:24.135076,1255.0,2,1255.0,99,1260.0,332,2,2454,2025-06-16
2025-06-16 11:33:39.770832,1255.0,1,1255.0,98,1260.0,330,2,2454,2025-06-16
2025-06-16 11:33:43.637175,1255.0,1,1255.0,96,1260.0,330,2,2454,2025-06-16
2025-06-16 11:34:02.976398,1255.0,1,1255.0,88,1260.0,331,2,2454,2025-06-16
2025-06-16 11:34:17.092426,1260.0,1,1255.0,88,1260.0,330,1,2454,2025-06-16
2025-06-16 11:34:24.061397,1255.0,1,1255.0,87,1260.0,328,2,2454,2025-06-16
2025-06-16 11:34:46.735441,1255.0,1,1255.0,86,1260.0,330,2,2454,2025-06-16
2025-06-16 11:35:06.965801,1260.0,1,1255.0,87,1260.0,331,1,2454,2025-06-16
2025-06-16 11:35:33.502927,1255.0,1,1255.0,88,1260.0,332,2,2454,2025-06-16
2025-06-16 11:35:33.658189,1255.0,1,1255.0,87,1260.0,332,2,2454,2025-06-16
2025-06-16 11:35:54.775851,1255.0,1,1255.0,86,1260.0,332,2,2454,2025-06-16
2025-06-16 11:35:57.401810,1255.0,1,1255.0,84,1260.0,331,2,2454,2025-06-16
2025-06-16 11:35:57.472365,1255.0,1,1255.0,82,1260.0,331,2,2454,2025-06-16
2025-06-16 11:36:28.669675,1255.0,1,1255.0,82,1260.0,333,2,2454,2025-06-16
2025-06-16 11:37:01.065904,1255.0,1,1255.0,96,1260.0,329,2,2454,2025-06-16
2025-06-16 11:37:16.502776,1255.0,2,1255.0,95,1260.0,331,2,2454,2025-06-16
2025-06-16 11:37:16.759676,1255.0,1,1255.0,95,1260.0,331,2,2454,2025-06-16
2025-06-16 11:37:34.647323,1260.0,1,1255.0,95,1260.0,332,1,2454,2025-06-16
2025-06-16 11:37:51.822472,1260.0,1,1255.0,95,1260.0,331,1,2454,2025-06-16
2025-06-16 11:38:07.023980,1255.0,1,1255.0,95,1260.0,333,2,2454,2025-06-16
2025-06-16 11:38:11.194127,1255.0,1,1255.0,94,1260.0,343,2,2454,2025-06-16
2025-06-16 11:38:11.261111,1255.0,1,1255.0,86,1260.0,343,2,2454,2025-06-16
2025-06-16 11:38:21.842226,1255.0,4,1255.0,82,1260.0,334,2,2454,2025-06-16
2025-06-16 11:38:21.847436,1255.0,2,1255.0,80,1260.0,334,2,2454,2025-06-16
2025-06-16 11:38:44.268991,1255.0,1,1255.0,84,1260.0,335,2,2454,2025-06-16
2025-06-16 11:39:27.742130,1255.0,1,1255.0,84,1260.0,333,2,2454,2025-06-16
2025-06-16 11:39:31.129681,1255.0,1,1255.0,84,1260.0,332,2,2454,2025-06-16
2025-06-16 11:39:31.217729,1255.0,1,1255.0,83,1260.0,332,2,2454,2025-06-16
2025-06-16 11:39:39.067232,1255.0,1,1255.0,82,1260.0,333,2,2454,2025-06-16
2025-06-16 11:39:53.486193,1255.0,1,1255.0,81,1260.0,333,2,2454,2025-06-16
2025-06-16 11:40:00.191336,1260.0,1,1255.0,82,1260.0,340,1,2454,2025-06-16
2025-06-16 11:40:03.296421,1260.0,1,1255.0,89,1260.0,339,1,2454,2025-06-16
2025-06-16 11:40:37.195368,1260.0,10,1255.0,94,1260.0,328,1,2454,2025-06-16
2025-06-16 11:40:37.222809,1260.0,3,1255.0,94,1260.0,325,1,2454,2025-06-16
2025-06-16 11:40:37.280046,1255.0,1,1255.0,95,1260.0,322,2,2454,2025-06-16
2025-06-16 11:40:37.331514,1255.0,1,1255.0,94,1260.0,322,2,2454,2025-06-16
2025-06-16 11:40:49.327767,1255.0,1,1255.0,94,1260.0,321,2,2454,2025-06-16
2025-06-16 11:40:51.613396,1255.0,1,1255.0,93,1260.0,321,2,2454,2025-06-16
2025-06-16 11:40:53.684977,1260.0,1,1255.0,93,1260.0,320,1,2454,2025-06-16
2025-06-16 11:41:16.311476,1255.0,2,1255.0,92,1260.0,320,2,2454,2025-06-16
2025-06-16 11:41:23.577495,1255.0,1,1255.0,91,1260.0,320,2,2454,2025-06-16
2025-06-16 11:41:32.452299,1255.0,1,1255.0,91,1260.0,320,2,2454,2025-06-16
2025-06-16 11:41:35.282320,1255.0,1,1255.0,90,1260.0,320,2,2454,2025-06-16
2025-06-16 11:41:49.517263,1255.0,1,1255.0,93,1260.0,320,2,2454,2025-06-16
2025-06-16 11:42:16.055367,1255.0,1,1255.0,91,1260.0,319,2,2454,2025-06-16
2025-06-16 11:42:16.121228,1255.0,1,1255.0,90,1260.0,319,2,2454,2025-06-16
2025-06-16 11:42:30.900302,1260.0,1,1255.0,91,1260.0,320,1,2454,2025-06-16
2025-06-16 11:43:06.845915,1255.0,2,1255.0,92,1260.0,322,2,2454,2025-06-16
2025-06-16 11:43:17.055545,1255.0,1,1255.0,90,1260.0,322,2,2454,2025-06-16
2025-06-16 11:43:19.674630,1255.0,2,1255.0,88,1260.0,322,2,2454,2025-06-16
2025-06-16 11:43:34.010821,1255.0,1,1255.0,87,1260.0,322,2,2454,2025-06-16
2025-06-16 11:44:08.980170,1255.0,1,1255.0,92,1260.0,321,2,2454,2025-06-16
2025-06-16 11:44:48.870159,1255.0,2,1255.0,90,1260.0,317,2,2454,2025-06-16
2025-06-16 11:44:48.931552,1255.0,1,1255.0,89,1260.0,317,2,2454,2025-06-16
2025-06-16 11:44:53.063861,1255.0,1,1255.0,88,1260.0,317,2,2454,2025-06-16
2025-06-16 11:44:58.503297,1260.0,1,1255.0,88,1260.0,316,1,2454,2025-06-16
2025-06-16 11:44:59.656010,1255.0,1,1255.0,87,1260.0,316,2,2454,2025-06-16
2025-06-16 11:45:05.144117,1255.0,1,1255.0,86,1260.0,316,2,2454,2025-06-16
2025-06-16 11:46:13.412454,1260.0,1,1255.0,88,1260.0,319,1,2454,2025-06-16
2025-06-16 11:47:01.422835,1255.0,1,1255.0,89,1260.0,318,2,2454,2025-06-16
2025-06-16 11:47:01.479196,1255.0,1,1255.0,88,1260.0,318,2,2454,2025-06-16
2025-06-16 11:47:15.752740,1255.0,2,1255.0,88,1260.0,316,2,2454,2025-06-16
2025-06-16 11:47:26.280364,1260.0,1,1255.0,88,1260.0,315,1,2454,2025-06-16
2025-06-16 11:47:27.331911,1260.0,1,1255.0,88,1260.0,314,1,2454,2025-06-16
2025-06-16 11:47:27.647400,1255.0,1,1255.0,87,1260.0,319,2,2454,2025-06-16
2025-06-16 11:47:34.715360,1255.0,1,1255.0,86,1260.0,319,2,2454,2025-06-16
2025-06-16 11:48:41.074219,1260.0,1,1255.0,88,1260.0,320,1,2454,2025-06-16
2025-06-16 11:48:41.139059,1255.0,3,1255.0,85,1260.0,320,2,2454,2025-06-16
2025-06-16 11:48:49.056765,1255.0,1,1255.0,83,1260.0,323,2,2454,2025-06-16
2025-06-16 11:48:59.493174,1260.0,1,1255.0,84,1260.0,325,1,2454,2025-06-16
2025-06-16 11:49:00.206934,1260.0,1,1255.0,84,1260.0,324,1,2454,2025-06-16
2025-06-16 11:49:00.541860,1255.0,2,1255.0,82,1260.0,324,2,2454,2025-06-16
2025-06-16 11:49:54.943890,1260.0,1,1255.0,85,1260.0,333,1,2454,2025-06-16
2025-06-16 11:50:13.444432,1255.0,1,1255.0,87,1260.0,323,2,2454,2025-06-16
2025-06-16 11:50:13.517029,1255.0,4,1255.0,83,1260.0,323,2,2454,2025-06-16
2025-06-16 11:51:02.268947,1255.0,1,1255.0,86,1260.0,324,2,2454,2025-06-16
2025-06-16 11:51:08.731047,1260.0,1,1255.0,86,1260.0,323,1,2454,2025-06-16
2025-06-16 11:51:08.805428,1255.0,2,1255.0,85,1260.0,323,2,2454,2025-06-16
2025-06-16 11:51:11.883044,1255.0,1,1255.0,84,1260.0,323,2,2454,2025-06-16
2025-06-16 11:51:26.057223,1255.0,1,1255.0,84,1260.0,323,2,2454,2025-06-16
2025-06-16 11:52:16.007132,1255.0,10,1255.0,74,1260.0,327,2,2454,2025-06-16
2025-06-16 11:52:16.066663,1255.0,1,1255.0,73,1260.0,327,2,2454,2025-06-16
2025-06-16 11:52:22.616717,1260.0,1,1255.0,78,1260.0,326,1,2454,2025-06-16
2025-06-16 11:52:34.284871,1260.0,3,1255.0,89,1260.0,328,1,2454,2025-06-16
2025-06-16 11:52:44.709019,1255.0,1,1255.0,80,1260.0,330,2,2454,2025-06-16
2025-06-16 11:52:46.972527,1255.0,2,1255.0,76,1260.0,330,2,2454,2025-06-16
2025-06-16 11:53:36.540959,1260.0,1,1255.0,78,1260.0,329,1,2454,2025-06-16
2025-06-16 11:54:04.049476,1255.0,1,1255.0,80,1260.0,330,2,2454,2025-06-16
2025-06-16 11:54:18.168010,1255.0,1,1255.0,80,1260.0,330,2,2454,2025-06-16
2025-06-16 11:54:18.394461,1255.0,1,1255.0,77,1260.0,330,2,2454,2025-06-16
2025-06-16 11:54:51.301557,1260.0,1,1255.0,78,1260.0,329,1,2454,2025-06-16
2025-06-16 11:54:52.284618,1260.0,1,1255.0,79,1260.0,327,1,2454,2025-06-16
2025-06-16 11:54:52.318593,1260.0,1,1255.0,78,1260.0,327,1,2454,2025-06-16
2025-06-16 11:54:52.378925,1255.0,1,1255.0,77,1260.0,326,2,2454,2025-06-16
2025-06-16 11:55:34.094850,1255.0,2,1255.0,79,1260.0,335,2,2454,2025-06-16
2025-06-16 11:56:05.177934,1260.0,1,1255.0,78,1260.0,335,1,2454,2025-06-16
2025-06-16 11:56:41.063241,1255.0,1,1255.0,79,1260.0,335,2,2454,2025-06-16
2025-06-16 11:57:07.417488,1260.0,2,1255.0,82,1260.0,332,1,2454,2025-06-16
2025-06-16 11:57:07.490316,1255.0,1,1255.0,82,1260.0,332,2,2454,2025-06-16
2025-06-16 11:57:07.945939,1260.0,1,1255.0,82,1260.0,331,1,2454,2025-06-16
2025-06-16 11:57:10.014689,1255.0,1,1255.0,81,1260.0,331,2,2454,2025-06-16
2025-06-16 11:57:19.058020,1260.0,1,1255.0,81,1260.0,330,1,2454,2025-06-16
2025-06-16 11:57:33.086563,1255.0,1,1255.0,81,1260.0,330,2,2454,2025-06-16
2025-06-16 11:58:13.331858,1255.0,2,1255.0,82,1260.0,329,2,2454,2025-06-16
2025-06-16 11:58:13.415557,1255.0,1,1255.0,81,1260.0,329,2,2454,2025-06-16
2025-06-16 11:58:32.990625,1260.0,1,1255.0,85,1260.0,328,1,2454,2025-06-16
2025-06-16 11:59:18.074354,1255.0,1,1255.0,87,1260.0,323,2,2454,2025-06-16
2025-06-16 11:59:35.611353,1260.0,1,1255.0,87,1260.0,320,1,2454,2025-06-16
2025-06-16 11:59:36.299458,1255.0,2,1255.0,85,1260.0,320,2,2454,2025-06-16
2025-06-16 11:59:36.831710,1260.0,1,1255.0,84,1260.0,319,1,2454,2025-06-16
2025-06-16 11:59:46.673089,1260.0,1,1255.0,84,1260.0,318,1,2454,2025-06-16
2025-06-16 11:59:49.987946,1255.0,1,1255.0,83,1260.0,319,2,2454,2025-06-16
2025-06-16 12:01:00.548998,1260.0,1,1255.0,85,1260.0,320,1,2454,2025-06-16
2025-06-16 12:01:05.534818,1255.0,2,1255.0,184,1260.0,320,2,2454,2025-06-16
2025-06-16 12:01:05.614806,1260.0,1,1255.0,184,1260.0,319,1,2454,2025-06-16
2025-06-16 12:01:55.070256,1255.0,1,1255.0,192,1260.0,313,2,2454,2025-06-16
2025-06-16 12:01:55.619617,1260.0,1,1255.0,191,1260.0,312,1,2454,2025-06-16
2025-06-16 12:01:56.531785,1260.0,1,1255.0,190,1260.0,311,1,2454,2025-06-16
2025-06-16 12:01:56.765020,1260.0,2,1255.0,190,1260.0,309,1,2454,2025-06-16
2025-06-16 12:01:56.798361,1260.0,1,1255.0,192,1260.0,308,1,2454,2025-06-16
2025-06-16 12:02:04.848982,1260.0,1,1255.0,206,1260.0,299,1,2454,2025-06-16
2025-06-16 12:02:15.263814,1260.0,1,1255.0,209,1260.0,295,1,2454,2025-06-16
2025-06-16 12:02:17.257648,1260.0,1,1255.0,209,1260.0,294,1,2454,2025-06-16
2025-06-16 12:02:47.958043,1255.0,1,1255.0,203,1260.0,291,2,2454,2025-06-16
2025-06-16 12:02:48.017891,1255.0,4,1255.0,199,1260.0,291,2,2454,2025-06-16
2025-06-16 12:02:48.285972,1255.0,1,1255.0,197,1260.0,291,2,2454,2025-06-16
2025-06-16 12:03:29.174534,1260.0,1,1255.0,200,1260.0,232,1,2454,2025-06-16
2025-06-16 12:04:43.089159,1260.0,1,1255.0,208,1260.0,230,1,2454,2025-06-16
2025-06-16 12:04:43.457638,1255.0,1,1255.0,207,1260.0,228,2,2454,2025-06-16
2025-06-16 12:04:43.536647,1255.0,2,1255.0,205,1260.0,228,2,2454,2025-06-16
2025-06-16 12:05:43.032320,1255.0,1,1255.0,208,1260.0,228,2,2454,2025-06-16
2025-06-16 12:05:51.066015,1255.0,1,1255.0,205,1260.0,228,2,2454,2025-06-16
2025-06-16 12:05:56.994608,1260.0,1,1255.0,203,1260.0,227,1,2454,2025-06-16
2025-06-16 12:06:02.046386,1255.0,1,1255.0,202,1260.0,226,2,2454,2025-06-16
2025-06-16 12:06:49.830224,1255.0,2,1255.0,203,1260.0,227,2,2454,2025-06-16
2025-06-16 12:06:50.764493,1255.0,1,1255.0,202,1260.0,227,2,2454,2025-06-16
2025-06-16 12:06:59.951748,1255.0,1,1255.0,201,1260.0,226,2,2454,2025-06-16
2025-06-16 12:08:05.417403,1255.0,1,1255.0,213,1260.0,227,2,2454,2025-06-16
2025-06-16 12:08:22.981268,1255.0,1,1255.0,213,1260.0,228,2,2454,2025-06-16
2025-06-16 12:08:23.069600,1255.0,2,1255.0,211,1260.0,228,2,2454,2025-06-16
2025-06-16 12:08:24.638321,1260.0,1,1255.0,208,1260.0,227,1,2454,2025-06-16
2025-06-16 12:08:29.057639,1255.0,1,1255.0,207,1260.0,227,2,2454,2025-06-16
2025-06-16 12:08:52.676211,1255.0,1,1255.0,212,1260.0,227,2,2454,2025-06-16
2025-06-16 12:09:00.134962,1260.0,1,1255.0,212,1260.0,225,1,2454,2025-06-16
2025-06-16 12:09:00.209719,1255.0,1,1255.0,211,1260.0,225,2,2454,2025-06-16
2025-06-16 12:09:38.751555,1255.0,1,1255.0,207,1260.0,242,2,2454,2025-06-16
2025-06-16 12:09:43.241910,1260.0,1,1255.0,203,1260.0,241,1,2454,2025-06-16
2025-06-16 12:09:44.191905,1255.0,1,1255.0,203,1260.0,241,2,2454,2025-06-16
2025-06-16 12:10:53.271591,1260.0,1,1255.0,207,1260.0,248,1,2454,2025-06-16
2025-06-16 12:11:05.744767,1255.0,2,1255.0,206,1260.0,251,2,2454,2025-06-16
2025-06-16 12:11:05.745419,1255.0,1,1255.0,205,1260.0,251,2,2454,2025-06-16
2025-06-16 12:11:06.069691,1255.0,1,1255.0,204,1260.0,250,2,2454,2025-06-16
2025-06-16 12:11:06.186357,1255.0,1,1255.0,203,1260.0,250,2,2454,2025-06-16
2025-06-16 12:11:24.547403,1260.0,1,1255.0,205,1260.0,250,1,2454,2025-06-16
2025-06-16 12:12:15.378894,1255.0,1,1255.0,211,1260.0,256,2,2454,2025-06-16
2025-06-16 12:12:42.254500,1255.0,1,1255.0,210,1260.0,256,2,2454,2025-06-16
2025-06-16 12:13:20.826338,1255.0,1,1255.0,211,1260.0,256,2,2454,2025-06-16
2025-06-16 12:13:20.995528,1260.0,1,1255.0,210,1260.0,255,1,2454,2025-06-16
2025-06-16 12:13:21.440968,1255.0,2,1255.0,208,1260.0,255,2,2454,2025-06-16
2025-06-16 12:13:22.560230,1255.0,1,1255.0,211,1260.0,254,2,2454,2025-06-16
2025-06-16 12:13:22.629157,1255.0,1,1255.0,210,1260.0,254,2,2454,2025-06-16
2025-06-16 12:13:43.063394,1255.0,1,1255.0,210,1260.0,254,2,2454,2025-06-16
2025-06-16 12:13:55.482961,1260.0,1,1255.0,210,1260.0,253,1,2454,2025-06-16
2025-06-16 12:14:05.943088,1255.0,1,1255.0,209,1260.0,253,2,2454,2025-06-16
2025-06-16 12:15:08.948425,1255.0,3,1255.0,212,1260.0,253,2,2454,2025-06-16
2025-06-16 12:15:36.556247,1255.0,2,1255.0,212,1260.0,253,2,2454,2025-06-16
2025-06-16 12:15:48.560737,1260.0,1,1255.0,213,1260.0,256,1,2454,2025-06-16
2025-06-16 12:16:16.343505,1260.0,1,1255.0,212,1260.0,256,1,2454,2025-06-16
2025-06-16 12:16:20.054401,1255.0,1,1255.0,211,1260.0,256,2,2454,2025-06-16
2025-06-16 12:16:24.512698,1260.0,1,1255.0,211,1260.0,254,1,2454,2025-06-16
2025-06-16 12:16:24.582072,1255.0,1,1255.0,210,1260.0,254,2,2454,2025-06-16
2025-06-16 12:16:24.665005,1255.0,1,1255.0,209,1260.0,254,2,2454,2025-06-16
2025-06-16 12:16:28.249772,1255.0,23,1255.0,186,1260.0,254,2,2454,2025-06-16
2025-06-16 12:16:28.394650,1255.0,2,1255.0,185,1260.0,252,2,2454,2025-06-16
2025-06-16 12:16:30.969950,1255.0,2,1255.0,186,1260.0,252,2,2454,2025-06-16
2025-06-16 12:16:39.782837,1255.0,1,1255.0,185,1260.0,251,2,2454,2025-06-16
2025-06-16 12:16:39.865432,1255.0,1,1255.0,184,1260.0,251,2,2454,2025-06-16
2025-06-16 12:17:00.353492,1255.0,1,1255.0,183,1260.0,251,2,2454,2025-06-16
2025-06-16 12:17:09.231509,1260.0,1,1255.0,184,1260.0,252,1,2454,2025-06-16
2025-06-16 12:18:12.253566,1255.0,1,1255.0,182,1260.0,256,2,2454,2025-06-16
2025-06-16 12:18:17.140807,1260.0,1,1255.0,182,1260.0,255,1,2454,2025-06-16
2025-06-16 12:18:41.551302,1255.0,1,1255.0,182,1260.0,258,2,2454,2025-06-16
2025-06-16 12:18:58.052774,1255.0,1,1255.0,182,1260.0,260,2,2454,2025-06-16
2025-06-16 12:19:09.022767,1255.0,2,1255.0,181,1260.0,260,2,2454,2025-06-16
2025-06-16 12:19:31.146224,1260.0,1,1255.0,182,1260.0,260,1,2454,2025-06-16
2025-06-16 12:19:31.231990,1255.0,1,1255.0,181,1260.0,260,2,2454,2025-06-16
2025-06-16 12:20:05.239223,1255.0,1,1255.0,181,1260.0,262,2,2454,2025-06-16
2025-06-16 12:20:17.668107,1255.0,1,1255.0,179,1260.0,263,2,2454,2025-06-16
2025-06-16 12:20:17.838715,1255.0,1,1255.0,178,1260.0,263,2,2454,2025-06-16
2025-06-16 12:20:45.050139,1260.0,1,1255.0,189,1260.0,276,1,2454,2025-06-16
2025-06-16 12:21:02.523028,1255.0,1,1255.0,177,1260.0,276,2,2454,2025-06-16
2025-06-16 12:21:36.984735,1260.0,3,1255.0,179,1260.0,272,1,2454,2025-06-16
2025-06-16 12:21:58.766649,1260.0,1,1255.0,183,1260.0,270,1,2454,2025-06-16
2025-06-16 12:21:58.841470,1255.0,1,1255.0,182,1260.0,270,2,2454,2025-06-16
2025-06-16 12:22:42.983598,1255.0,1,1255.0,181,1260.0,272,2,2454,2025-06-16
2025-06-16 12:22:54.067044,1255.0,1,1255.0,180,1260.0,272,2,2454,2025-06-16
2025-06-16 12:23:12.632999,1260.0,1,1255.0,179,1260.0,271,1,2454,2025-06-16
2025-06-16 12:23:12.974400,1255.0,1,1255.0,178,1260.0,271,2,2454,2025-06-16
2025-06-16 12:23:24.452045,1255.0,1,1255.0,178,1260.0,272,2,2454,2025-06-16
2025-06-16 12:23:24.453097,1255.0,2,1255.0,176,1260.0,272,2,2454,2025-06-16
2025-06-16 12:23:25.137855,1255.0,1,1255.0,175,1260.0,272,2,2454,2025-06-16
2025-06-16 12:23:25.295268,1255.0,1,1255.0,174,1260.0,271,2,2454,2025-06-16
2025-06-16 12:23:29.489897,1260.0,1,1255.0,175,1260.0,270,1,2454,2025-06-16
2025-06-16 12:23:33.923538,1255.0,1,1255.0,178,1260.0,270,2,2454,2025-06-16
2025-06-16 12:23:43.191060,1260.0,1,1255.0,177,1260.0,270,1,2454,2025-06-16
2025-06-16 12:23:43.194424,1260.0,1,1255.0,177,1260.0,269,1,2454,2025-06-16
2025-06-16 12:23:43.199207,1260.0,1,1255.0,177,1260.0,268,1,2454,2025-06-16
2025-06-16 12:23:43.203212,1260.0,1,1255.0,177,1260.0,267,1,2454,2025-06-16
2025-06-16 12:23:43.208228,1260.0,1,1255.0,177,1260.0,266,1,2454,2025-06-16
2025-06-16 12:23:54.272291,1260.0,1,1255.0,182,1260.0,267,1,2454,2025-06-16
2025-06-16 12:24:05.395436,1260.0,1,1255.0,181,1260.0,263,1,2454,2025-06-16
2025-06-16 12:24:10.491214,1255.0,1,1255.0,182,1260.0,261,2,2454,2025-06-16
2025-06-16 12:24:15.382780,1260.0,1,1255.0,182,1260.0,262,1,2454,2025-06-16
2025-06-16 12:24:15.501154,1260.0,1,1255.0,182,1260.0,261,1,2454,2025-06-16
2025-06-16 12:24:16.484351,1255.0,1,1255.0,181,1260.0,261,2,2454,2025-06-16
2025-06-16 12:24:24.382952,1260.0,5,1255.0,185,1260.0,257,1,2454,2025-06-16
2025-06-16 12:24:26.656530,1260.0,1,1255.0,191,1260.0,254,1,2454,2025-06-16
2025-06-16 12:24:27.396575,1260.0,1,1255.0,191,1260.0,253,1,2454,2025-06-16
2025-06-16 12:24:35.256182,1260.0,1,1255.0,192,1260.0,252,1,2454,2025-06-16
2025-06-16 12:24:47.872709,1260.0,2,1255.0,192,1260.0,253,1,2454,2025-06-16
2025-06-16 12:24:58.994910,1260.0,1,1255.0,192,1260.0,252,1,2454,2025-06-16
2025-06-16 12:25:10.087186,1260.0,1,1255.0,194,1260.0,251,1,2454,2025-06-16
2025-06-16 12:25:20.209828,1260.0,1,1255.0,193,1260.0,252,1,2454,2025-06-16
2025-06-16 12:25:20.889312,1255.0,1,1255.0,192,1260.0,252,2,2454,2025-06-16
2025-06-16 12:25:31.331065,1260.0,2,1255.0,191,1260.0,251,1,2454,2025-06-16
2025-06-16 12:25:41.341037,1260.0,1,1255.0,191,1260.0,250,1,2454,2025-06-16
2025-06-16 12:25:42.462168,1260.0,1,1255.0,191,1260.0,249,1,2454,2025-06-16
2025-06-16 12:25:42.844166,1260.0,5,1255.0,191,1260.0,244,1,2454,2025-06-16
2025-06-16 12:25:42.953222,1260.0,1,1255.0,195,1260.0,244,1,2454,2025-06-16
2025-06-16 12:25:43.018126,1260.0,2,1255.0,191,1260.0,241,1,2454,2025-06-16
2025-06-16 12:25:52.568827,1260.0,1,1255.0,201,1260.0,244,1,2454,2025-06-16
2025-06-16 12:25:53.482586,1255.0,1,1255.0,200,1260.0,244,2,2454,2025-06-16
2025-06-16 12:26:03.721173,1260.0,1,1255.0,198,1260.0,243,1,2454,2025-06-16
2025-06-16 12:26:13.856441,1260.0,1,1255.0,198,1260.0,241,1,2454,2025-06-16
2025-06-16 12:26:14.522735,1260.0,1,1255.0,199,1260.0,240,1,2454,2025-06-16
2025-06-16 12:26:24.951363,1260.0,1,1255.0,201,1260.0,239,1,2454,2025-06-16
2025-06-16 12:26:25.294411,1255.0,1,1255.0,200,1260.0,239,2,2454,2025-06-16
2025-06-16 12:26:36.068232,1260.0,1,1255.0,207,1260.0,238,1,2454,2025-06-16
2025-06-16 12:26:41.661691,1255.0,1,1255.0,206,1260.0,239,2,2454,2025-06-16
2025-06-16 12:26:47.140137,1260.0,1,1255.0,206,1260.0,238,1,2454,2025-06-16
2025-06-16 12:26:51.408642,1260.0,5,1255.0,206,1260.0,233,1,2454,2025-06-16
2025-06-16 12:26:55.202166,1260.0,1,1255.0,210,1260.0,232,1,2454,2025-06-16
2025-06-16 12:26:55.608312,1255.0,1,1255.0,209,1260.0,232,2,2454,2025-06-16
2025-06-16 12:26:57.249440,1260.0,1,1255.0,209,1260.0,231,1,2454,2025-06-16
2025-06-16 12:27:08.355421,1260.0,1,1255.0,210,1260.0,231,1,2454,2025-06-16
2025-06-16 12:27:08.429729,1255.0,1,1255.0,209,1260.0,231,2,2454,2025-06-16
2025-06-16 12:27:18.461744,1260.0,1,1255.0,209,1260.0,230,1,2454,2025-06-16
2025-06-16 12:27:18.897724,1255.0,1,1255.0,208,1260.0,230,2,2454,2025-06-16
2025-06-16 12:27:29.352450,1255.0,2,1255.0,208,1260.0,230,2,2454,2025-06-16
2025-06-16 12:27:29.585449,1260.0,1,1255.0,206,1260.0,229,1,2454,2025-06-16
2025-06-16 12:27:40.700947,1260.0,1,1255.0,206,1260.0,228,1,2454,2025-06-16
2025-06-16 12:27:50.808912,1260.0,1,1255.0,206,1260.0,228,1,2454,2025-06-16
2025-06-16 12:27:54.764410,1260.0,1,1255.0,207,1260.0,227,1,2454,2025-06-16
2025-06-16 12:28:01.898520,1260.0,1,1255.0,207,1260.0,226,1,2454,2025-06-16
2025-06-16 12:28:08.075972,1255.0,1,1255.0,206,1260.0,226,2,2454,2025-06-16
2025-06-16 12:28:08.463948,1255.0,1,1255.0,205,1260.0,226,2,2454,2025-06-16
2025-06-16 12:28:08.869027,1260.0,1,1255.0,205,1260.0,225,1,2454,2025-06-16
2025-06-16 12:28:11.244400,1260.0,5,1255.0,204,1260.0,220,1,2454,2025-06-16
2025-06-16 12:28:13.021967,1260.0,1,1255.0,204,1260.0,219,1,2454,2025-06-16
2025-06-16 12:28:23.150549,1260.0,1,1255.0,204,1260.0,218,1,2454,2025-06-16
2025-06-16 12:28:26.322557,1260.0,1,1255.0,205,1260.0,217,1,2454,2025-06-16
2025-06-16 12:28:26.701377,1255.0,1,1255.0,204,1260.0,217,2,2454,2025-06-16
2025-06-16 12:28:34.257901,1260.0,1,1255.0,206,1260.0,216,1,2454,2025-06-16
2025-06-16 12:28:36.120490,1260.0,5,1255.0,206,1260.0,211,1,2454,2025-06-16
2025-06-16 12:28:43.138259,1260.0,1,1255.0,206,1260.0,211,1,2454,2025-06-16
2025-06-16 12:28:45.364503,1260.0,1,1255.0,207,1260.0,210,1,2454,2025-06-16
2025-06-16 12:28:53.011343,1260.0,1,1255.0,207,1260.0,209,1,2454,2025-06-16
2025-06-16 12:28:53.011738,1260.0,5,1255.0,202,1260.0,204,1,2454,2025-06-16
2025-06-16 12:28:53.266004,1260.0,3,1255.0,202,1260.0,201,1,2454,2025-06-16
2025-06-16 12:28:55.488625,1260.0,1,1255.0,211,1260.0,200,1,2454,2025-06-16
2025-06-16 12:29:06.612276,1260.0,1,1255.0,221,1260.0,201,1,2454,2025-06-16
2025-06-16 12:29:06.930956,1260.0,5,1255.0,221,1260.0,196,1,2454,2025-06-16
2025-06-16 12:29:07.986199,1260.0,4,1255.0,221,1260.0,192,1,2454,2025-06-16
2025-06-16 12:29:15.294115,1260.0,5,1255.0,221,1260.0,186,1,2454,2025-06-16
2025-06-16 12:29:17.731848,1260.0,1,1255.0,222,1260.0,185,1,2454,2025-06-16
2025-06-16 12:29:22.882371,1260.0,1,1255.0,223,1260.0,183,1,2454,2025-06-16
2025-06-16 12:29:26.722547,1260.0,5,1255.0,225,1260.0,178,1,2454,2025-06-16
2025-06-16 12:29:27.090871,1255.0,1,1255.0,224,1260.0,179,2,2454,2025-06-16
2025-06-16 12:29:27.853983,1260.0,1,1255.0,224,1260.0,178,1,2454,2025-06-16
2025-06-16 12:29:39.008388,1260.0,1,1255.0,225,1260.0,176,1,2454,2025-06-16
2025-06-16 12:29:50.129593,1260.0,1,1255.0,225,1260.0,176,1,2454,2025-06-16
2025-06-16 12:29:50.346867,1260.0,5,1255.0,225,1260.0,171,1,2454,2025-06-16
2025-06-16 12:30:00.237083,1260.0,1,1255.0,225,1260.0,170,1,2454,2025-06-16
2025-06-16 12:30:03.710539,1260.0,1,1255.0,225,1260.0,169,1,2454,2025-06-16
2025-06-16 12:30:21.506970,1260.0,1,1255.0,225,1260.0,166,1,2454,2025-06-16
2025-06-16 12:30:23.335275,1260.0,1,1255.0,225,1260.0,165,1,2454,2025-06-16
2025-06-16 12:30:26.953145,1260.0,2,1255.0,225,1260.0,163,1,2454,2025-06-16
2025-06-16 12:30:36.815054,1260.0,1,1255.0,226,1260.0,163,1,2454,2025-06-16
2025-06-16 12:30:45.057271,1255.0,1,1255.0,225,1260.0,163,2,2454,2025-06-16
2025-06-16 12:31:10.815379,1260.0,1,1255.0,227,1260.0,162,1,2454,2025-06-16
2025-06-16 12:31:50.463543,1260.0,1,1255.0,229,1260.0,162,1,2454,2025-06-16
2025-06-16 12:32:00.251674,1260.0,1,1255.0,220,1260.0,161,1,2454,2025-06-16
2025-06-16 12:32:00.643243,1260.0,1,1255.0,220,1260.0,160,1,2454,2025-06-16
2025-06-16 12:32:20.514809,1260.0,1,1255.0,219,1260.0,161,1,2454,2025-06-16
2025-06-16 12:32:30.984610,1255.0,1,1255.0,218,1260.0,161,2,2454,2025-06-16
2025-06-16 12:32:36.324951,1255.0,1,1255.0,215,1260.0,160,2,2454,2025-06-16
2025-06-16 12:33:05.296042,1260.0,1,1255.0,224,1260.0,160,1,2454,2025-06-16
2025-06-16 12:33:07.783859,1260.0,1,1255.0,223,1260.0,159,1,2454,2025-06-16
2025-06-16 12:33:23.069259,1255.0,1,1255.0,220,1260.0,159,2,2454,2025-06-16
2025-06-16 12:33:39.255194,1260.0,1,1255.0,215,1260.0,159,1,2454,2025-06-16
2025-06-16 12:34:19.265516,1260.0,1,1255.0,216,1260.0,158,1,2454,2025-06-16
2025-06-16 12:34:50.159384,1255.0,2,1255.0,199,1260.0,160,2,2454,2025-06-16
2025-06-16 12:34:56.876230,1255.0,2,1255.0,197,1260.0,162,2,2454,2025-06-16
2025-06-16 12:35:21.107739,1255.0,1,1255.0,197,1260.0,163,2,2454,2025-06-16
2025-06-16 12:35:32.990152,1260.0,1,1255.0,202,1260.0,162,1,2454,2025-06-16
2025-06-16 12:35:51.525763,1255.0,1,1255.0,198,1260.0,162,2,2454,2025-06-16
2025-06-16 12:35:58.239349,1255.0,4,1255.0,197,1260.0,162,2,2454,2025-06-16
2025-06-16 12:36:07.838644,1260.0,1,1255.0,197,1260.0,162,1,2454,2025-06-16
2025-06-16 12:36:46.976534,1260.0,1,1255.0,198,1260.0,162,1,2454,2025-06-16
2025-06-16 12:37:19.065342,1255.0,1,1255.0,197,1260.0,163,2,2454,2025-06-16
2025-06-16 12:37:55.983112,1255.0,1,1255.0,191,1260.0,163,2,2454,2025-06-16
2025-06-16 12:38:00.943557,1260.0,1,1255.0,191,1260.0,162,1,2454,2025-06-16
2025-06-16 12:38:01.301342,1255.0,1,1255.0,190,1260.0,163,2,2454,2025-06-16
2025-06-16 12:38:03.310323,1260.0,2,1255.0,205,1260.0,161,1,2454,2025-06-16
2025-06-16 12:38:03.745311,1255.0,2,1255.0,203,1260.0,161,2,2454,2025-06-16
2025-06-16 12:38:35.712612,1260.0,1,1255.0,209,1260.0,160,1,2454,2025-06-16
2025-06-16 12:38:59.832949,1255.0,1,1255.0,210,1260.0,161,2,2454,2025-06-16
2025-06-16 12:39:14.699499,1260.0,1,1255.0,196,1260.0,160,1,2454,2025-06-16
2025-06-16 12:39:26.266712,1260.0,1,1255.0,212,1260.0,160,1,2454,2025-06-16
2025-06-16 12:39:29.155763,1260.0,1,1255.0,211,1260.0,158,1,2454,2025-06-16
2025-06-16 12:39:56.061463,1255.0,1,1255.0,209,1260.0,159,2,2454,2025-06-16
2025-06-16 12:40:28.447016,1260.0,1,1255.0,214,1260.0,158,1,2454,2025-06-16
2025-06-16 12:40:48.912825,1255.0,1,1255.0,213,1260.0,158,2,2454,2025-06-16
2025-06-16 12:41:02.752656,1260.0,1,1255.0,214,1260.0,158,1,2454,2025-06-16
2025-06-16 12:41:30.766906,1255.0,2,1255.0,214,1260.0,159,2,2454,2025-06-16
2025-06-16 12:41:43.373488,1260.0,1,1255.0,215,1260.0,158,1,2454,2025-06-16
2025-06-16 12:42:21.897631,1255.0,1,1255.0,217,1260.0,161,2,2454,2025-06-16
2025-06-16 12:42:33.066333,1255.0,1,1255.0,216,1260.0,161,2,2454,2025-06-16
2025-06-16 12:42:57.257237,1260.0,1,1255.0,219,1260.0,160,1,2454,2025-06-16
2025-06-16 12:43:00.056041,1260.0,1,1255.0,219,1260.0,159,1,2454,2025-06-16
2025-06-16 12:43:08.149357,1260.0,1,1255.0,232,1260.0,160,1,2454,2025-06-16
2025-06-16 12:43:30.808081,1260.0,1,1255.0,239,1260.0,159,1,2454,2025-06-16
2025-06-16 12:43:31.140085,1255.0,1,1255.0,238,1260.0,159,2,2454,2025-06-16
2025-06-16 12:43:42.683034,1260.0,1,1255.0,227,1260.0,159,1,2454,2025-06-16
2025-06-16 12:43:43.077105,1255.0,1,1255.0,226,1260.0,159,2,2454,2025-06-16
2025-06-16 12:44:01.248938,1260.0,1,1255.0,236,1260.0,159,1,2454,2025-06-16
2025-06-16 12:44:11.223834,1260.0,1,1255.0,236,1260.0,158,1,2454,2025-06-16
2025-06-16 12:44:29.244052,1255.0,1,1255.0,224,1260.0,159,2,2454,2025-06-16
2025-06-16 12:44:50.644040,1260.0,1,1255.0,231,1260.0,158,1,2454,2025-06-16
2025-06-16 12:44:51.348265,1255.0,1,1255.0,230,1260.0,157,2,2454,2025-06-16
2025-06-16 12:45:02.993531,1255.0,1,1255.0,229,1260.0,158,2,2454,2025-06-16
2025-06-16 12:45:10.063146,1255.0,1,1255.0,228,1260.0,158,2,2454,2025-06-16
2025-06-16 12:45:22.865011,1255.0,2,1255.0,228,1260.0,157,2,2454,2025-06-16
2025-06-16 12:45:24.875456,1260.0,1,1255.0,228,1260.0,156,1,2454,2025-06-16
2025-06-16 12:45:52.883344,1255.0,1,1255.0,238,1260.0,157,2,2454,2025-06-16
2025-06-16 12:45:59.421241,1260.0,1,1255.0,238,1260.0,156,1,2454,2025-06-16
2025-06-16 12:46:32.978639,1260.0,1,1255.0,240,1260.0,157,1,2454,2025-06-16
2025-06-16 12:46:33.792440,1255.0,1,1255.0,239,1260.0,157,2,2454,2025-06-16
2025-06-16 12:46:38.775028,1260.0,1,1255.0,250,1260.0,156,1,2454,2025-06-16
2025-06-16 12:46:39.486168,1260.0,2,1255.0,250,1260.0,153,1,2454,2025-06-16
2025-06-16 12:46:52.263685,1260.0,1,1255.0,229,1260.0,151,1,2454,2025-06-16
2025-06-16 12:46:59.895726,1260.0,1,1255.0,251,1260.0,150,1,2454,2025-06-16
2025-06-16 12:47:24.844877,1260.0,1,1255.0,229,1260.0,149,1,2454,2025-06-16
2025-06-16 12:47:48.059639,1255.0,1,1255.0,228,1260.0,154,2,2454,2025-06-16
2025-06-16 12:47:52.808867,1260.0,1,1255.0,228,1260.0,153,1,2454,2025-06-16
2025-06-16 12:47:59.736735,1255.0,1,1255.0,227,1260.0,153,2,2454,2025-06-16
2025-06-16 12:48:27.314383,1260.0,1,1255.0,227,1260.0,155,1,2454,2025-06-16
2025-06-16 12:48:55.892003,1255.0,1,1255.0,227,1260.0,155,2,2454,2025-06-16
2025-06-16 12:49:06.631706,1260.0,1,1255.0,227,1260.0,154,1,2454,2025-06-16
2025-06-16 12:49:39.861964,1255.0,25,1255.0,203,1260.0,154,2,2454,2025-06-16
2025-06-16 12:49:56.988931,1255.0,1,1255.0,201,1260.0,161,2,2454,2025-06-16
2025-06-16 12:50:21.321879,1260.0,1,1255.0,201,1260.0,164,1,2454,2025-06-16
2025-06-16 12:50:25.058052,1255.0,1,1255.0,200,1260.0,164,2,2454,2025-06-16
2025-06-16 12:50:55.939863,1260.0,1,1255.0,197,1260.0,164,1,2454,2025-06-16
2025-06-16 12:51:35.300384,1260.0,1,1255.0,199,1260.0,171,1,2454,2025-06-16
2025-06-16 12:52:08.018279,1255.0,1,1255.0,205,1260.0,175,2,2454,2025-06-16
2025-06-16 12:52:29.442492,1255.0,1,1255.0,204,1260.0,177,2,2454,2025-06-16
2025-06-16 12:52:49.123675,1260.0,1,1255.0,201,1260.0,177,1,2454,2025-06-16
2025-06-16 12:53:15.061257,1260.0,1,1255.0,202,1260.0,178,1,2454,2025-06-16
2025-06-16 12:53:22.800309,1260.0,1,1255.0,202,1260.0,177,1,2454,2025-06-16
2025-06-16 12:54:02.804063,1260.0,1,1255.0,209,1260.0,177,1,2454,2025-06-16
2025-06-16 12:54:18.262801,1260.0,1,1255.0,209,1260.0,181,1,2454,2025-06-16
2025-06-16 12:54:21.061706,1255.0,1,1255.0,208,1260.0,182,2,2454,2025-06-16
2025-06-16 12:54:31.940008,1260.0,1,1255.0,210,1260.0,183,1,2454,2025-06-16
2025-06-16 12:55:09.212482,1255.0,1,1255.0,211,1260.0,189,2,2454,2025-06-16
2025-06-16 12:55:11.027464,1260.0,1,1255.0,211,1260.0,187,1,2454,2025-06-16
2025-06-16 12:55:11.055834,1255.0,1,1255.0,210,1260.0,187,2,2454,2025-06-16
2025-06-16 12:55:16.807791,1260.0,1,1255.0,211,1260.0,186,1,2454,2025-06-16
2025-06-16 12:55:51.800326,1260.0,1,1255.0,233,1260.0,185,1,2454,2025-06-16
2025-06-16 12:55:57.392061,1260.0,1,1255.0,212,1260.0,184,1,2454,2025-06-16
2025-06-16 12:56:06.698712,1255.0,5,1255.0,228,1260.0,187,2,2454,2025-06-16
2025-06-16 12:56:28.946901,1260.0,1,1255.0,211,1260.0,186,1,2454,2025-06-16
2025-06-16 12:56:30.663674,1260.0,1,1255.0,211,1260.0,185,1,2454,2025-06-16
2025-06-16 12:56:31.856362,1260.0,1,1255.0,211,1260.0,185,1,2454,2025-06-16
2025-06-16 12:56:58.049818,1255.0,1,1255.0,210,1260.0,187,2,2454,2025-06-16
2025-06-16 12:57:10.497211,1260.0,11,1255.0,209,1260.0,177,1,2454,2025-06-16
2025-06-16 12:57:22.587083,1260.0,1,1255.0,209,1260.0,181,1,2454,2025-06-16
2025-06-16 12:57:30.626624,1260.0,1,1255.0,209,1260.0,180,1,2454,2025-06-16
2025-06-16 12:57:44.606385,1260.0,1,1255.0,211,1260.0,179,1,2454,2025-06-16
2025-06-16 12:58:00.445143,1260.0,1,1255.0,211,1260.0,178,1,2454,2025-06-16
2025-06-16 12:58:19.317607,1260.0,1,1255.0,212,1260.0,177,1,2454,2025-06-16
2025-06-16 12:58:30.598200,1255.0,1,1255.0,211,1260.0,177,2,2454,2025-06-16
2025-06-16 12:58:38.210699,1255.0,1,1255.0,211,1260.0,176,2,2454,2025-06-16
2025-06-16 12:58:44.791075,1255.0,1,1255.0,210,1260.0,176,2,2454,2025-06-16
2025-06-16 12:58:59.272460,1260.0,1,1255.0,210,1260.0,175,1,2454,2025-06-16
2025-06-16 12:59:27.364289,1255.0,1,1255.0,225,1260.0,177,2,2454,2025-06-16
2025-06-16 12:59:35.055882,1255.0,1,1255.0,225,1260.0,178,2,2454,2025-06-16
2025-06-16 12:59:41.023216,1260.0,1,1255.0,224,1260.0,178,1,2454,2025-06-16
2025-06-16 12:59:50.871337,1260.0,1,1255.0,224,1260.0,177,1,2454,2025-06-16
2025-06-16 13:00:13.071649,1260.0,1,1255.0,227,1260.0,177,1,2454,2025-06-16
2025-06-16 13:00:38.454918,1255.0,2,1255.0,217,1260.0,177,2,2454,2025-06-16
2025-06-16 13:00:47.092242,1260.0,1,1255.0,218,1260.0,176,1,2454,2025-06-16
2025-06-16 13:00:52.577581,1255.0,1,1255.0,217,1260.0,176,2,2454,2025-06-16
2025-06-16 13:01:09.356647,1255.0,1,1255.0,221,1260.0,176,2,2454,2025-06-16
2025-06-16 13:01:26.548690,1255.0,2,1255.0,219,1260.0,171,2,2454,2025-06-16
2025-06-16 13:01:26.949313,1260.0,1,1255.0,219,1260.0,172,1,2454,2025-06-16
2025-06-16 13:01:43.274359,1260.0,1,1255.0,220,1260.0,180,1,2454,2025-06-16
2025-06-16 13:01:44.438615,1260.0,1,1255.0,220,1260.0,179,1,2454,2025-06-16
2025-06-16 13:02:13.050931,1255.0,1,1255.0,224,1260.0,179,2,2454,2025-06-16
2025-06-16 13:02:15.461783,1260.0,1,1255.0,224,1260.0,179,1,2454,2025-06-16
2025-06-16 13:02:16.695296,1260.0,1,1255.0,224,1260.0,178,1,2454,2025-06-16
2025-06-16 13:02:27.419817,1260.0,1,1255.0,225,1260.0,177,1,2454,2025-06-16
2025-06-16 13:02:40.933700,1260.0,1,1255.0,224,1260.0,178,1,2454,2025-06-16
2025-06-16 13:02:41.081007,1260.0,1,1255.0,223,1260.0,177,1,2454,2025-06-16
2025-06-16 13:02:41.477158,1255.0,4,1255.0,219,1260.0,177,2,2454,2025-06-16
2025-06-16 13:02:44.254150,1255.0,1,1255.0,219,1260.0,177,2,2454,2025-06-16
2025-06-16 13:02:54.208856,1255.0,1,1255.0,219,1260.0,178,2,2454,2025-06-16
2025-06-16 13:02:55.102962,1260.0,1,1255.0,218,1260.0,177,1,2454,2025-06-16
2025-06-16 13:03:15.892029,1260.0,1,1255.0,223,1260.0,178,1,2454,2025-06-16
2025-06-16 13:03:16.794217,1260.0,1,1255.0,223,1260.0,177,1,2454,2025-06-16
2025-06-16 13:03:28.929844,1260.0,1,1255.0,222,1260.0,176,1,2454,2025-06-16
2025-06-16 13:03:30.070999,1260.0,1,1255.0,222,1260.0,175,1,2454,2025-06-16
2025-06-16 13:03:30.835635,1255.0,1,1255.0,222,1260.0,175,2,2454,2025-06-16
2025-06-16 13:03:31.170109,1255.0,2,1255.0,220,1260.0,175,2,2454,2025-06-16
2025-06-16 13:03:54.782583,1260.0,1,1255.0,222,1260.0,174,1,2454,2025-06-16
2025-06-16 13:04:04.275903,1260.0,1,1255.0,222,1260.0,173,1,2454,2025-06-16
2025-06-16 13:04:11.264838,1255.0,1,1255.0,223,1260.0,173,2,2454,2025-06-16
2025-06-16 13:04:23.812571,1260.0,1,1255.0,223,1260.0,172,1,2454,2025-06-16
2025-06-16 13:04:50.059930,1255.0,1,1255.0,223,1260.0,172,2,2454,2025-06-16
