ts,close,volume,bid_price,bid_volume,ask_price,ask_volume,tick_type,code,date
2025-06-20 09:00:18.667795,1265.0,61,1265.0,39,1270.0,4,0,2454,2025-06-20
2025-06-20 09:00:45.555837,1265.0,1,1265.0,41,1270.0,34,2,2454,2025-06-20
2025-06-20 09:00:49.331540,1265.0,1,1265.0,41,1270.0,34,2,2454,2025-06-20
2025-06-20 09:01:07.758290,1270.0,1,1265.0,39,1270.0,35,1,2454,2025-06-20
2025-06-20 09:01:12.731191,1270.0,2,1265.0,43,1270.0,33,1,2454,2025-06-20
2025-06-20 09:01:22.278237,1270.0,2,1265.0,67,1270.0,29,1,2454,2025-06-20
2025-06-20 09:01:35.653108,1270.0,1,1265.0,91,1270.0,33,1,2454,2025-06-20
2025-06-20 09:01:39.926452,1270.0,1,1265.0,97,1270.0,34,1,2454,2025-06-20
2025-06-20 09:01:40.748710,1265.0,1,1265.0,96,1270.0,35,2,2454,2025-06-20
2025-06-20 09:02:01.972375,1265.0,1,1265.0,101,1270.0,35,2,2454,2025-06-20
2025-06-20 09:02:03.458949,1265.0,1,1265.0,100,1270.0,35,2,2454,2025-06-20
2025-06-20 09:02:27.642984,1265.0,1,1265.0,96,1270.0,43,2,2454,2025-06-20
2025-06-20 09:02:35.819355,1265.0,1,1265.0,95,1270.0,44,2,2454,2025-06-20
2025-06-20 09:02:55.719509,1265.0,1,1265.0,94,1270.0,48,2,2454,2025-06-20
2025-06-20 09:03:51.208573,1270.0,1,1265.0,101,1270.0,53,1,2454,2025-06-20
2025-06-20 09:04:07.067199,1270.0,1,1265.0,105,1270.0,45,1,2454,2025-06-20
2025-06-20 09:04:14.106697,1270.0,2,1265.0,105,1270.0,47,1,2454,2025-06-20
2025-06-20 09:04:14.878516,1270.0,1,1265.0,105,1270.0,46,1,2454,2025-06-20
2025-06-20 09:04:15.668911,1270.0,1,1265.0,105,1270.0,45,1,2454,2025-06-20
2025-06-20 09:04:17.694595,1270.0,1,1265.0,108,1270.0,45,1,2454,2025-06-20
2025-06-20 09:04:17.771077,1270.0,24,1265.0,144,1270.0,21,1,2454,2025-06-20
2025-06-20 09:04:17.805706,1270.0,2,1265.0,148,1270.0,19,1,2454,2025-06-20
2025-06-20 09:04:17.805760,1270.0,7,1265.0,148,1270.0,12,1,2454,2025-06-20
2025-06-20 09:04:17.805857,1270.0,7,1265.0,148,1270.0,5,1,2454,2025-06-20
2025-06-20 09:04:17.806026,1270.0,2,1265.0,148,1270.0,3,1,2454,2025-06-20
2025-06-20 09:04:17.814193,1270.0,1,1265.0,152,1270.0,2,1,2454,2025-06-20
2025-06-20 09:04:17.838509,1270.0,2,1265.0,150,1275.0,85,1,2454,2025-06-20
2025-06-20 09:04:20.157912,1275.0,1,1270.0,6,1275.0,85,1,2454,2025-06-20
2025-06-20 09:04:32.706846,1275.0,1,1270.0,18,1275.0,76,1,2454,2025-06-20
2025-06-20 09:04:43.149208,1275.0,1,1270.0,20,1275.0,77,1,2454,2025-06-20
2025-06-20 09:04:47.596390,1270.0,1,1270.0,20,1275.0,77,2,2454,2025-06-20
2025-06-20 09:05:10.215636,1270.0,1,1270.0,24,1275.0,80,2,2454,2025-06-20
2025-06-20 09:05:10.279980,1270.0,1,1270.0,22,1275.0,83,2,2454,2025-06-20
2025-06-20 09:05:19.171990,1270.0,2,1270.0,20,1275.0,81,2,2454,2025-06-20
2025-06-20 09:05:20.083074,1275.0,5,1270.0,20,1275.0,76,1,2454,2025-06-20
2025-06-20 09:05:45.506077,1270.0,1,1270.0,68,1275.0,75,2,2454,2025-06-20
2025-06-20 09:07:28.844675,1270.0,2,1270.0,63,1275.0,93,2,2454,2025-06-20
2025-06-20 09:07:31.016100,1270.0,20,1270.0,44,1275.0,93,2,2454,2025-06-20
2025-06-20 09:07:31.049769,1270.0,1,1270.0,43,1275.0,93,2,2454,2025-06-20
2025-06-20 09:07:31.049968,1270.0,3,1270.0,40,1275.0,95,2,2454,2025-06-20
2025-06-20 09:07:31.050302,1270.0,40,1265.0,160,1275.0,95,2,2454,2025-06-20
2025-06-20 09:07:31.089715,1270.0,1,1265.0,150,1270.0,10,1,2454,2025-06-20
2025-06-20 09:07:33.195063,1270.0,1,1265.0,149,1270.0,16,1,2454,2025-06-20
2025-06-20 09:07:56.620243,1270.0,1,1265.0,148,1270.0,31,1,2454,2025-06-20
2025-06-20 09:09:58.303247,1265.0,2,1265.0,151,1270.0,56,2,2454,2025-06-20
2025-06-20 09:10:58.283668,1265.0,1,1265.0,142,1270.0,75,2,2454,2025-06-20
2025-06-20 09:11:26.196115,1265.0,1,1265.0,138,1270.0,76,2,2454,2025-06-20
2025-06-20 09:11:43.176244,1265.0,2,1265.0,135,1270.0,79,2,2454,2025-06-20
2025-06-20 09:12:27.311374,1265.0,5,1265.0,133,1270.0,92,2,2454,2025-06-20
2025-06-20 09:12:27.351328,1265.0,55,1265.0,78,1270.0,92,2,2454,2025-06-20
2025-06-20 09:12:27.370627,1265.0,55,1265.0,23,1270.0,93,2,2454,2025-06-20
2025-06-20 09:12:27.370835,1265.0,4,1265.0,19,1270.0,96,2,2454,2025-06-20
2025-06-20 09:12:27.370853,1265.0,2,1265.0,17,1270.0,96,2,2454,2025-06-20
2025-06-20 09:12:27.392920,1265.0,11,1265.0,9,1270.0,101,2,2454,2025-06-20
2025-06-20 09:12:27.392938,1265.0,1,1265.0,8,1270.0,101,2,2454,2025-06-20
2025-06-20 09:12:27.393115,1265.0,2,1265.0,6,1270.0,102,2,2454,2025-06-20
2025-06-20 09:12:27.393156,1265.0,1,1265.0,5,1270.0,101,2,2454,2025-06-20
2025-06-20 09:12:27.822168,1265.0,1,1265.0,4,1270.0,104,2,2454,2025-06-20
2025-06-20 09:12:27.830648,1265.0,1,1265.0,3,1270.0,103,2,2454,2025-06-20
2025-06-20 09:12:29.644292,1270.0,1,1265.0,3,1270.0,105,1,2454,2025-06-20
2025-06-20 09:12:30.790268,1265.0,1,1265.0,2,1270.0,104,2,2454,2025-06-20
2025-06-20 09:12:30.980599,1265.0,1,1265.0,1,1270.0,104,2,2454,2025-06-20
2025-06-20 09:12:31.519088,1265.0,1,1260.0,190,1265.0,1,2,2454,2025-06-20
2025-06-20 09:12:47.756367,1265.0,1,1260.0,201,1265.0,26,1,2454,2025-06-20
2025-06-20 09:12:59.910432,1265.0,1,1260.0,200,1265.0,51,1,2454,2025-06-20
2025-06-20 09:13:05.871326,1265.0,1,1260.0,208,1265.0,54,1,2454,2025-06-20
2025-06-20 09:13:47.204757,1260.0,1,1260.0,176,1265.0,71,2,2454,2025-06-20
2025-06-20 09:13:59.206727,1260.0,1,1260.0,172,1265.0,72,2,2454,2025-06-20
2025-06-20 09:14:13.500432,1260.0,1,1260.0,163,1265.0,103,2,2454,2025-06-20
2025-06-20 09:14:26.886393,1260.0,2,1260.0,160,1265.0,105,2,2454,2025-06-20
2025-06-20 09:14:35.696228,1260.0,1,1260.0,154,1265.0,105,2,2454,2025-06-20
2025-06-20 09:14:43.369366,1260.0,1,1260.0,152,1265.0,109,2,2454,2025-06-20
2025-06-20 09:15:12.125714,1260.0,1,1260.0,148,1265.0,102,2,2454,2025-06-20
2025-06-20 09:15:33.581292,1260.0,1,1260.0,148,1265.0,103,2,2454,2025-06-20
2025-06-20 09:16:08.591305,1260.0,2,1260.0,172,1265.0,69,2,2454,2025-06-20
2025-06-20 09:16:10.112029,1265.0,1,1260.0,172,1265.0,68,1,2454,2025-06-20
2025-06-20 09:16:21.416322,1260.0,1,1260.0,171,1265.0,69,2,2454,2025-06-20
2025-06-20 09:16:34.512627,1260.0,1,1260.0,171,1265.0,71,2,2454,2025-06-20
2025-06-20 09:16:56.022759,1260.0,2,1260.0,168,1265.0,71,2,2454,2025-06-20
2025-06-20 09:16:56.316090,1265.0,1,1260.0,168,1265.0,70,1,2454,2025-06-20
2025-06-20 09:17:29.415260,1260.0,1,1260.0,179,1265.0,71,2,2454,2025-06-20
2025-06-20 09:17:46.017981,1260.0,1,1260.0,178,1265.0,70,2,2454,2025-06-20
2025-06-20 09:18:01.872038,1265.0,1,1260.0,178,1265.0,70,1,2454,2025-06-20
2025-06-20 09:18:05.620710,1265.0,1,1260.0,158,1265.0,70,1,2454,2025-06-20
2025-06-20 09:18:08.492506,1265.0,1,1260.0,157,1265.0,70,1,2454,2025-06-20
2025-06-20 09:18:36.193449,1260.0,1,1260.0,182,1265.0,71,2,2454,2025-06-20
2025-06-20 09:18:38.771232,1260.0,1,1260.0,184,1265.0,71,2,2454,2025-06-20
2025-06-20 09:18:41.994137,1260.0,1,1260.0,183,1265.0,71,2,2454,2025-06-20
2025-06-20 09:19:10.017851,1260.0,1,1260.0,183,1265.0,70,2,2454,2025-06-20
2025-06-20 09:19:30.020214,1260.0,1,1260.0,182,1265.0,71,2,2454,2025-06-20
2025-06-20 09:19:32.143104,1265.0,1,1260.0,170,1265.0,71,1,2454,2025-06-20
2025-06-20 09:19:51.809548,1265.0,1,1260.0,182,1265.0,69,1,2454,2025-06-20
2025-06-20 09:20:02.033524,1260.0,1,1260.0,181,1265.0,69,2,2454,2025-06-20
2025-06-20 09:20:04.834798,1265.0,1,1260.0,180,1265.0,68,1,2454,2025-06-20
2025-06-20 09:20:57.336185,1265.0,1,1260.0,171,1265.0,70,1,2454,2025-06-20
2025-06-20 09:21:10.059451,1260.0,1,1260.0,171,1265.0,70,2,2454,2025-06-20
2025-06-20 09:22:14.333635,1260.0,1,1260.0,184,1265.0,70,2,2454,2025-06-20
2025-06-20 09:22:14.483257,1265.0,1,1260.0,184,1265.0,69,1,2454,2025-06-20
2025-06-20 09:22:16.152318,1260.0,1,1260.0,183,1265.0,68,2,2454,2025-06-20
2025-06-20 09:22:20.018176,1260.0,1,1260.0,183,1265.0,69,2,2454,2025-06-20
2025-06-20 09:22:27.169711,1260.0,1,1260.0,183,1265.0,70,2,2454,2025-06-20
2025-06-20 09:23:06.445973,1265.0,1,1260.0,184,1265.0,68,1,2454,2025-06-20
2025-06-20 09:23:38.788040,1265.0,1,1260.0,192,1265.0,67,1,2454,2025-06-20
2025-06-20 09:24:00.468137,1265.0,1,1260.0,193,1265.0,74,1,2454,2025-06-20
2025-06-20 09:24:13.824852,1265.0,1,1260.0,192,1265.0,78,1,2454,2025-06-20
2025-06-20 09:24:15.938045,1260.0,1,1260.0,191,1265.0,78,2,2454,2025-06-20
2025-06-20 09:24:28.193827,1260.0,1,1260.0,188,1265.0,80,2,2454,2025-06-20
2025-06-20 09:24:33.277558,1265.0,1,1260.0,190,1265.0,80,1,2454,2025-06-20
2025-06-20 09:24:39.763377,1260.0,1,1260.0,189,1265.0,78,2,2454,2025-06-20
2025-06-20 09:26:05.123932,1260.0,1,1260.0,173,1265.0,89,2,2454,2025-06-20
2025-06-20 09:26:07.042611,1265.0,1,1260.0,172,1265.0,88,1,2454,2025-06-20
2025-06-20 09:26:10.673711,1260.0,1,1260.0,171,1265.0,88,2,2454,2025-06-20
2025-06-20 09:26:36.723501,1260.0,1,1260.0,174,1265.0,89,2,2454,2025-06-20
2025-06-20 09:27:29.677572,1260.0,1,1260.0,174,1265.0,96,2,2454,2025-06-20
2025-06-20 09:27:29.867405,1260.0,1,1260.0,173,1265.0,96,2,2454,2025-06-20
2025-06-20 09:27:30.751548,1260.0,1,1260.0,161,1265.0,95,2,2454,2025-06-20
2025-06-20 09:27:51.551374,1260.0,1,1260.0,159,1265.0,105,2,2454,2025-06-20
2025-06-20 09:28:16.951850,1260.0,5,1260.0,156,1265.0,101,2,2454,2025-06-20
2025-06-20 09:28:31.821942,1260.0,1,1260.0,155,1265.0,101,2,2454,2025-06-20
2025-06-20 09:28:39.228898,1260.0,1,1260.0,156,1265.0,101,2,2454,2025-06-20
2025-06-20 09:28:44.813137,1260.0,1,1260.0,155,1265.0,101,2,2454,2025-06-20
2025-06-20 09:28:59.355198,1260.0,1,1260.0,154,1265.0,102,2,2454,2025-06-20
2025-06-20 09:28:59.504745,1265.0,1,1260.0,154,1265.0,101,1,2454,2025-06-20
2025-06-20 09:28:59.531646,1265.0,1,1260.0,154,1265.0,100,1,2454,2025-06-20
2025-06-20 09:29:02.000261,1265.0,1,1260.0,154,1265.0,99,1,2454,2025-06-20
2025-06-20 09:29:36.730170,1265.0,1,1260.0,154,1265.0,103,1,2454,2025-06-20
2025-06-20 09:30:32.976867,1260.0,1,1260.0,155,1265.0,112,2,2454,2025-06-20
2025-06-20 09:30:50.793200,1260.0,1,1260.0,154,1265.0,109,2,2454,2025-06-20
2025-06-20 09:31:15.778499,1260.0,1,1260.0,152,1265.0,112,2,2454,2025-06-20
2025-06-20 09:31:22.597380,1260.0,1,1260.0,150,1265.0,112,2,2454,2025-06-20
2025-06-20 09:32:22.708273,1260.0,1,1260.0,147,1265.0,115,2,2454,2025-06-20
2025-06-20 09:32:27.018609,1260.0,1,1260.0,146,1265.0,115,2,2454,2025-06-20
2025-06-20 09:32:48.514767,1260.0,2,1260.0,144,1265.0,116,2,2454,2025-06-20
2025-06-20 09:32:49.528694,1260.0,2,1260.0,141,1265.0,123,2,2454,2025-06-20
2025-06-20 09:32:50.090731,1265.0,1,1260.0,141,1265.0,122,1,2454,2025-06-20
2025-06-20 09:32:52.547305,1265.0,1,1260.0,141,1265.0,121,1,2454,2025-06-20
2025-06-20 09:33:12.050083,1265.0,1,1260.0,141,1265.0,127,1,2454,2025-06-20
2025-06-20 09:33:42.470990,1260.0,3,1260.0,139,1265.0,123,2,2454,2025-06-20
2025-06-20 09:33:42.511181,1265.0,1,1260.0,139,1265.0,123,1,2454,2025-06-20
2025-06-20 09:34:11.719076,1260.0,1,1260.0,138,1265.0,126,2,2454,2025-06-20
2025-06-20 09:34:25.412964,1260.0,2,1260.0,137,1265.0,134,2,2454,2025-06-20
2025-06-20 09:34:31.668749,1260.0,1,1260.0,136,1265.0,132,2,2454,2025-06-20
2025-06-20 09:34:35.365577,1260.0,70,1260.0,66,1265.0,132,2,2454,2025-06-20
2025-06-20 09:34:35.401627,1260.0,1,1260.0,65,1265.0,134,2,2454,2025-06-20
2025-06-20 09:34:35.401661,1260.0,2,1260.0,63,1265.0,134,2,2454,2025-06-20
2025-06-20 09:34:35.401687,1260.0,63,1255.0,213,1265.0,134,2,2454,2025-06-20
2025-06-20 09:35:11.139730,1260.0,1,1255.0,229,1260.0,78,1,2454,2025-06-20
2025-06-20 09:35:16.112491,1260.0,1,1255.0,230,1260.0,77,1,2454,2025-06-20
2025-06-20 09:35:20.019455,1255.0,1,1255.0,229,1260.0,78,2,2454,2025-06-20
2025-06-20 09:35:25.896241,1260.0,1,1255.0,226,1260.0,85,1,2454,2025-06-20
2025-06-20 09:35:40.964936,1260.0,2,1255.0,229,1260.0,90,1,2454,2025-06-20
2025-06-20 09:35:43.756288,1255.0,1,1255.0,228,1260.0,90,2,2454,2025-06-20
2025-06-20 09:36:02.400537,1255.0,1,1255.0,224,1260.0,94,2,2454,2025-06-20
2025-06-20 09:36:06.871020,1255.0,2,1255.0,210,1260.0,100,2,2454,2025-06-20
2025-06-20 09:36:16.500120,1255.0,1,1255.0,203,1260.0,98,2,2454,2025-06-20
2025-06-20 09:36:37.860771,1255.0,1,1255.0,201,1260.0,103,2,2454,2025-06-20
2025-06-20 09:36:41.025832,1255.0,2,1255.0,199,1260.0,101,2,2454,2025-06-20
2025-06-20 09:36:49.020108,1255.0,3,1255.0,196,1260.0,103,2,2454,2025-06-20
2025-06-20 09:37:08.199261,1255.0,1,1255.0,196,1260.0,103,2,2454,2025-06-20
2025-06-20 09:37:18.808626,1255.0,1,1255.0,201,1260.0,102,2,2454,2025-06-20
2025-06-20 09:37:32.844137,1255.0,1,1255.0,202,1260.0,102,2,2454,2025-06-20
2025-06-20 09:37:37.578493,1255.0,1,1255.0,202,1260.0,102,2,2454,2025-06-20
2025-06-20 09:37:40.165646,1255.0,3,1255.0,198,1260.0,102,2,2454,2025-06-20
2025-06-20 09:37:41.114637,1255.0,1,1255.0,197,1260.0,102,2,2454,2025-06-20
2025-06-20 09:37:49.973633,1255.0,5,1255.0,187,1260.0,97,2,2454,2025-06-20
2025-06-20 09:38:14.742721,1255.0,2,1255.0,186,1260.0,99,2,2454,2025-06-20
2025-06-20 09:38:43.686451,1260.0,1,1255.0,196,1260.0,96,1,2454,2025-06-20
2025-06-20 09:39:03.019490,1255.0,3,1255.0,195,1260.0,96,2,2454,2025-06-20
2025-06-20 09:39:44.020451,1255.0,2,1255.0,187,1260.0,99,2,2454,2025-06-20
2025-06-20 09:39:54.594799,1255.0,1,1255.0,187,1260.0,99,2,2454,2025-06-20
2025-06-20 09:40:26.020067,1255.0,2,1255.0,187,1260.0,98,2,2454,2025-06-20
2025-06-20 09:40:26.058374,1260.0,1,1255.0,187,1260.0,97,1,2454,2025-06-20
2025-06-20 09:40:39.476647,1260.0,1,1255.0,188,1260.0,97,1,2454,2025-06-20
2025-06-20 09:40:39.540181,1260.0,1,1255.0,188,1260.0,96,1,2454,2025-06-20
2025-06-20 09:40:50.909339,1260.0,1,1255.0,188,1260.0,96,1,2454,2025-06-20
2025-06-20 09:40:53.771890,1255.0,1,1255.0,187,1260.0,96,2,2454,2025-06-20
2025-06-20 09:41:09.614211,1255.0,2,1255.0,191,1260.0,97,2,2454,2025-06-20
2025-06-20 09:41:42.041305,1255.0,1,1255.0,194,1260.0,98,2,2454,2025-06-20
2025-06-20 09:42:21.275286,1255.0,1,1255.0,190,1260.0,106,2,2454,2025-06-20
2025-06-20 09:42:46.989123,1260.0,1,1255.0,182,1260.0,107,1,2454,2025-06-20
2025-06-20 09:42:59.019108,1255.0,1,1255.0,181,1260.0,108,2,2454,2025-06-20
2025-06-20 09:43:04.228736,1260.0,1,1255.0,185,1260.0,107,1,2454,2025-06-20
2025-06-20 09:43:17.713742,1255.0,1,1255.0,195,1260.0,107,2,2454,2025-06-20
2025-06-20 09:43:32.019356,1255.0,1,1255.0,195,1260.0,107,2,2454,2025-06-20
2025-06-20 09:43:32.257191,1255.0,1,1255.0,194,1260.0,107,2,2454,2025-06-20
2025-06-20 09:43:33.769516,1255.0,1,1255.0,183,1260.0,106,2,2454,2025-06-20
2025-06-20 09:43:41.282281,1255.0,1,1255.0,182,1260.0,108,2,2454,2025-06-20
2025-06-20 09:44:12.104919,1260.0,1,1255.0,204,1260.0,116,1,2454,2025-06-20
2025-06-20 09:44:13.171606,1255.0,1,1255.0,203,1260.0,116,2,2454,2025-06-20
2025-06-20 09:44:14.725485,1260.0,1,1255.0,203,1260.0,115,1,2454,2025-06-20
2025-06-20 09:44:14.756733,1260.0,1,1255.0,203,1260.0,114,1,2454,2025-06-20
2025-06-20 09:44:14.889211,1255.0,1,1255.0,210,1260.0,114,2,2454,2025-06-20
2025-06-20 09:44:40.994346,1260.0,1,1255.0,203,1260.0,113,1,2454,2025-06-20
2025-06-20 09:44:48.652935,1260.0,1,1255.0,203,1260.0,112,1,2454,2025-06-20
2025-06-20 09:44:51.267863,1260.0,1,1255.0,211,1260.0,111,1,2454,2025-06-20
2025-06-20 09:45:00.430888,1255.0,1,1255.0,210,1260.0,111,2,2454,2025-06-20
2025-06-20 09:45:29.399834,1255.0,1,1255.0,198,1260.0,115,2,2454,2025-06-20
2025-06-20 09:47:08.624998,1255.0,1,1255.0,217,1260.0,116,2,2454,2025-06-20
2025-06-20 09:47:08.644966,1255.0,1,1255.0,216,1260.0,116,2,2454,2025-06-20
2025-06-20 09:47:27.821793,1255.0,1,1255.0,209,1260.0,116,2,2454,2025-06-20
2025-06-20 09:47:35.821743,1255.0,1,1255.0,208,1260.0,116,2,2454,2025-06-20
2025-06-20 09:47:36.156559,1255.0,1,1255.0,207,1260.0,115,2,2454,2025-06-20
2025-06-20 09:47:49.594914,1255.0,1,1255.0,206,1260.0,116,2,2454,2025-06-20
2025-06-20 09:47:49.868765,1260.0,1,1255.0,206,1260.0,115,1,2454,2025-06-20
2025-06-20 09:48:09.908962,1255.0,1,1255.0,205,1260.0,115,2,2454,2025-06-20
2025-06-20 09:48:48.985743,1260.0,1,1255.0,207,1260.0,124,1,2454,2025-06-20
2025-06-20 09:48:59.626787,1260.0,2,1255.0,207,1260.0,124,1,2454,2025-06-20
2025-06-20 09:49:08.842111,1255.0,1,1255.0,206,1260.0,122,2,2454,2025-06-20
2025-06-20 09:49:08.897218,1255.0,1,1255.0,205,1260.0,122,2,2454,2025-06-20
2025-06-20 09:49:09.698087,1260.0,1,1255.0,205,1260.0,124,1,2454,2025-06-20
2025-06-20 09:49:40.678378,1260.0,1,1255.0,206,1260.0,123,1,2454,2025-06-20
2025-06-20 09:50:03.163630,1260.0,1,1255.0,208,1260.0,120,1,2454,2025-06-20
2025-06-20 09:50:04.715203,1260.0,1,1255.0,208,1260.0,119,1,2454,2025-06-20
2025-06-20 09:50:06.295127,1260.0,1,1255.0,208,1260.0,116,1,2454,2025-06-20
2025-06-20 09:50:56.751255,1255.0,1,1255.0,212,1260.0,116,2,2454,2025-06-20
2025-06-20 09:50:57.128368,1255.0,1,1255.0,211,1260.0,116,2,2454,2025-06-20
2025-06-20 09:51:02.529404,1260.0,1,1255.0,212,1260.0,115,1,2454,2025-06-20
2025-06-20 09:51:08.819192,1255.0,1,1255.0,211,1260.0,114,2,2454,2025-06-20
2025-06-20 09:51:36.735004,1255.0,1,1255.0,216,1260.0,113,2,2454,2025-06-20
2025-06-20 09:51:41.330647,1260.0,1,1255.0,216,1260.0,112,1,2454,2025-06-20
2025-06-20 09:52:12.393586,1260.0,1,1255.0,217,1260.0,116,1,2454,2025-06-20
2025-06-20 09:52:20.076843,1255.0,1,1255.0,216,1260.0,117,2,2454,2025-06-20
2025-06-20 09:52:29.303860,1255.0,1,1255.0,220,1260.0,118,2,2454,2025-06-20
2025-06-20 09:52:31.340573,1255.0,1,1255.0,219,1260.0,118,2,2454,2025-06-20
2025-06-20 09:52:45.762122,1260.0,1,1255.0,219,1260.0,117,1,2454,2025-06-20
2025-06-20 09:53:01.125573,1255.0,1,1255.0,220,1260.0,117,2,2454,2025-06-20
2025-06-20 09:53:07.098325,1260.0,1,1255.0,224,1260.0,116,1,2454,2025-06-20
2025-06-20 09:53:08.911498,1255.0,1,1255.0,223,1260.0,116,2,2454,2025-06-20
2025-06-20 09:53:12.324547,1255.0,3,1255.0,220,1260.0,115,2,2454,2025-06-20
2025-06-20 09:53:12.365102,1260.0,1,1255.0,220,1260.0,114,1,2454,2025-06-20
2025-06-20 09:53:24.833256,1255.0,1,1255.0,224,1260.0,114,2,2454,2025-06-20
2025-06-20 09:53:40.223443,1260.0,1,1255.0,222,1260.0,112,1,2454,2025-06-20
2025-06-20 09:53:50.412248,1255.0,20,1255.0,201,1260.0,112,2,2454,2025-06-20
2025-06-20 09:53:50.452046,1255.0,1,1255.0,200,1260.0,112,2,2454,2025-06-20
2025-06-20 09:53:50.454311,1260.0,1,1255.0,200,1260.0,109,1,2454,2025-06-20
2025-06-20 09:53:50.469789,1255.0,2,1255.0,198,1260.0,109,2,2454,2025-06-20
2025-06-20 09:54:03.141156,1255.0,1,1255.0,198,1260.0,112,2,2454,2025-06-20
2025-06-20 09:54:06.332440,1255.0,1,1255.0,198,1260.0,104,2,2454,2025-06-20
2025-06-20 09:54:17.922158,1255.0,1,1255.0,198,1260.0,106,2,2454,2025-06-20
2025-06-20 09:54:33.347446,1260.0,1,1255.0,198,1260.0,105,1,2454,2025-06-20
2025-06-20 09:55:04.899302,1260.0,1,1255.0,200,1260.0,104,1,2454,2025-06-20
2025-06-20 09:55:09.102810,1255.0,1,1255.0,200,1260.0,104,2,2454,2025-06-20
2025-06-20 09:55:09.146523,1260.0,1,1255.0,200,1260.0,103,1,2454,2025-06-20
2025-06-20 09:55:19.212950,1260.0,1,1255.0,200,1260.0,103,1,2454,2025-06-20
2025-06-20 09:55:19.545517,1255.0,1,1255.0,199,1260.0,103,2,2454,2025-06-20
2025-06-20 09:55:37.986639,1260.0,1,1255.0,200,1260.0,107,1,2454,2025-06-20
2025-06-20 09:56:36.408842,1260.0,1,1255.0,221,1260.0,109,1,2454,2025-06-20
2025-06-20 09:56:49.311119,1255.0,1,1255.0,222,1260.0,109,2,2454,2025-06-20
2025-06-20 09:57:09.295438,1255.0,1,1255.0,222,1260.0,107,2,2454,2025-06-20
2025-06-20 09:57:09.480387,1255.0,2,1255.0,220,1260.0,107,2,2454,2025-06-20
2025-06-20 09:57:38.822050,1255.0,1,1255.0,202,1260.0,107,2,2454,2025-06-20
2025-06-20 09:57:41.258674,1255.0,1,1255.0,201,1260.0,107,2,2454,2025-06-20
2025-06-20 09:57:44.407603,1255.0,30,1255.0,174,1260.0,107,2,2454,2025-06-20
2025-06-20 09:57:44.427654,1260.0,2,1255.0,172,1260.0,105,1,2454,2025-06-20
2025-06-20 09:57:44.440112,1255.0,2,1255.0,172,1260.0,107,2,2454,2025-06-20
2025-06-20 09:58:12.754418,1255.0,1,1255.0,168,1260.0,136,2,2454,2025-06-20
2025-06-20 09:58:32.874937,1260.0,1,1255.0,169,1260.0,137,1,2454,2025-06-20
2025-06-20 09:58:44.239267,1255.0,1,1255.0,170,1260.0,136,2,2454,2025-06-20
2025-06-20 09:58:54.835584,1255.0,1,1255.0,167,1260.0,139,2,2454,2025-06-20
2025-06-20 09:59:09.223105,1255.0,1,1255.0,168,1260.0,144,2,2454,2025-06-20
2025-06-20 09:59:10.482549,1255.0,1,1255.0,167,1260.0,143,2,2454,2025-06-20
2025-06-20 09:59:18.326977,1255.0,1,1255.0,169,1260.0,144,2,2454,2025-06-20
2025-06-20 09:59:19.571384,1255.0,5,1255.0,164,1260.0,149,2,2454,2025-06-20
2025-06-20 09:59:29.863838,1255.0,1,1255.0,159,1260.0,153,2,2454,2025-06-20
2025-06-20 09:59:30.216280,1255.0,1,1255.0,158,1260.0,154,2,2454,2025-06-20
2025-06-20 10:00:01.022574,1255.0,2,1255.0,158,1260.0,155,2,2454,2025-06-20
2025-06-20 10:00:01.949226,1260.0,1,1255.0,158,1260.0,154,1,2454,2025-06-20
2025-06-20 10:00:38.016465,1255.0,21,1255.0,136,1260.0,189,2,2454,2025-06-20
2025-06-20 10:00:38.045285,1255.0,136,1250.0,418,1260.0,189,2,2454,2025-06-20
2025-06-20 10:00:38.055486,1260.0,1,1250.0,390,1260.0,195,1,2454,2025-06-20
2025-06-20 10:00:39.718637,1250.0,4,1250.0,380,1255.0,10,2,2454,2025-06-20
2025-06-20 10:00:39.739578,1250.0,5,1250.0,375,1255.0,11,2,2454,2025-06-20
2025-06-20 10:00:39.756963,1250.0,5,1250.0,370,1255.0,13,2,2454,2025-06-20
2025-06-20 10:00:39.948983,1250.0,27,1250.0,344,1255.0,15,2,2454,2025-06-20
2025-06-20 10:00:39.979491,1250.0,1,1250.0,344,1255.0,17,2,2454,2025-06-20
2025-06-20 10:00:39.994341,1255.0,1,1250.0,342,1255.0,16,1,2454,2025-06-20
2025-06-20 10:00:40.203647,1250.0,3,1250.0,339,1255.0,13,2,2454,2025-06-20
2025-06-20 10:00:51.952470,1250.0,1,1250.0,337,1255.0,49,2,2454,2025-06-20
2025-06-20 10:00:59.755246,1250.0,1,1250.0,335,1255.0,79,2,2454,2025-06-20
2025-06-20 10:01:01.147636,1250.0,1,1250.0,333,1255.0,90,2,2454,2025-06-20
2025-06-20 10:01:03.282125,1250.0,1,1250.0,322,1255.0,92,2,2454,2025-06-20
2025-06-20 10:01:09.469046,1250.0,1,1250.0,331,1255.0,102,2,2454,2025-06-20
2025-06-20 10:01:09.908278,1250.0,1,1250.0,330,1255.0,102,2,2454,2025-06-20
2025-06-20 10:01:11.781643,1250.0,30,1250.0,290,1255.0,102,2,2454,2025-06-20
2025-06-20 10:01:17.907927,1250.0,1,1250.0,288,1255.0,111,2,2454,2025-06-20
2025-06-20 10:01:18.562435,1250.0,6,1250.0,292,1255.0,115,2,2454,2025-06-20
2025-06-20 10:01:19.149141,1250.0,1,1250.0,292,1255.0,116,2,2454,2025-06-20
2025-06-20 10:01:19.835808,1250.0,1,1250.0,291,1255.0,117,2,2454,2025-06-20
2025-06-20 10:01:20.824859,1250.0,1,1250.0,287,1255.0,117,2,2454,2025-06-20
2025-06-20 10:01:30.711827,1250.0,1,1250.0,268,1255.0,103,2,2454,2025-06-20
2025-06-20 10:01:46.793616,1250.0,1,1250.0,264,1255.0,106,2,2454,2025-06-20
2025-06-20 10:01:50.362175,1255.0,1,1250.0,265,1255.0,85,1,2454,2025-06-20
2025-06-20 10:01:51.457388,1250.0,1,1250.0,266,1255.0,86,2,2454,2025-06-20
2025-06-20 10:01:57.351514,1250.0,1,1250.0,265,1255.0,88,2,2454,2025-06-20
2025-06-20 10:02:17.381287,1250.0,1,1250.0,265,1255.0,92,2,2454,2025-06-20
2025-06-20 10:02:21.351866,1255.0,2,1250.0,265,1255.0,92,1,2454,2025-06-20
2025-06-20 10:02:33.733323,1250.0,9,1250.0,256,1255.0,106,2,2454,2025-06-20
2025-06-20 10:02:33.762651,1250.0,3,1250.0,253,1255.0,106,2,2454,2025-06-20
2025-06-20 10:02:50.621391,1250.0,1,1250.0,257,1255.0,111,2,2454,2025-06-20
2025-06-20 10:02:53.019817,1250.0,1,1250.0,256,1255.0,111,2,2454,2025-06-20
2025-06-20 10:03:09.007139,1250.0,1,1250.0,254,1255.0,112,2,2454,2025-06-20
2025-06-20 10:03:09.449185,1250.0,1,1250.0,254,1255.0,112,2,2454,2025-06-20
2025-06-20 10:03:25.944703,1255.0,1,1250.0,265,1255.0,112,1,2454,2025-06-20
2025-06-20 10:03:39.557864,1255.0,1,1250.0,266,1255.0,91,1,2454,2025-06-20
2025-06-20 10:03:48.146718,1255.0,1,1250.0,268,1255.0,89,1,2454,2025-06-20
2025-06-20 10:03:52.731417,1250.0,1,1250.0,268,1255.0,94,2,2454,2025-06-20
2025-06-20 10:03:52.787708,1255.0,1,1250.0,268,1255.0,93,1,2454,2025-06-20
2025-06-20 10:03:53.097717,1250.0,1,1250.0,267,1255.0,93,2,2454,2025-06-20
2025-06-20 10:04:20.895695,1250.0,1,1250.0,261,1255.0,103,2,2454,2025-06-20
2025-06-20 10:04:46.460092,1250.0,1,1250.0,262,1255.0,103,2,2454,2025-06-20
2025-06-20 10:05:03.345587,1255.0,1,1250.0,272,1255.0,102,1,2454,2025-06-20
2025-06-20 10:05:07.049514,1255.0,1,1250.0,272,1255.0,102,1,2454,2025-06-20
2025-06-20 10:05:08.425799,1250.0,1,1250.0,271,1255.0,102,2,2454,2025-06-20
2025-06-20 10:05:28.970377,1250.0,1,1250.0,262,1255.0,102,2,2454,2025-06-20
2025-06-20 10:05:39.858998,1250.0,1,1250.0,261,1255.0,102,2,2454,2025-06-20
2025-06-20 10:05:43.879492,1255.0,1,1250.0,253,1255.0,101,1,2454,2025-06-20
2025-06-20 10:05:52.032896,1255.0,1,1250.0,264,1255.0,100,1,2454,2025-06-20
2025-06-20 10:06:05.032094,1250.0,1,1250.0,263,1255.0,140,2,2454,2025-06-20
2025-06-20 10:06:13.496330,1250.0,1,1250.0,261,1255.0,140,2,2454,2025-06-20
2025-06-20 10:06:30.034432,1255.0,2,1250.0,267,1255.0,138,1,2454,2025-06-20
2025-06-20 10:06:48.668317,1255.0,1,1250.0,271,1255.0,137,1,2454,2025-06-20
2025-06-20 10:07:05.214168,1255.0,1,1250.0,268,1255.0,136,1,2454,2025-06-20
2025-06-20 10:07:08.407811,1250.0,1,1250.0,267,1255.0,139,2,2454,2025-06-20
2025-06-20 10:07:20.701312,1250.0,1,1250.0,266,1255.0,139,2,2454,2025-06-20
2025-06-20 10:07:21.485076,1255.0,1,1250.0,268,1255.0,139,1,2454,2025-06-20
2025-06-20 10:07:36.081990,1255.0,1,1250.0,271,1255.0,133,1,2454,2025-06-20
2025-06-20 10:07:41.821738,1250.0,1,1250.0,271,1255.0,134,2,2454,2025-06-20
2025-06-20 10:08:35.833305,1250.0,1,1250.0,274,1255.0,136,2,2454,2025-06-20
2025-06-20 10:08:37.999425,1250.0,1,1250.0,273,1255.0,136,2,2454,2025-06-20
2025-06-20 10:08:38.476489,1255.0,1,1250.0,273,1255.0,135,1,2454,2025-06-20
2025-06-20 10:09:08.598852,1250.0,1,1250.0,273,1255.0,143,2,2454,2025-06-20
2025-06-20 10:09:08.620387,1250.0,1,1250.0,272,1255.0,143,2,2454,2025-06-20
2025-06-20 10:09:19.973881,1250.0,1,1250.0,272,1255.0,144,2,2454,2025-06-20
2025-06-20 10:09:29.926401,1255.0,1,1250.0,272,1255.0,149,1,2454,2025-06-20
2025-06-20 10:09:49.043754,1250.0,1,1250.0,273,1255.0,150,2,2454,2025-06-20
2025-06-20 10:09:52.902001,1255.0,2,1250.0,273,1255.0,148,1,2454,2025-06-20
2025-06-20 10:10:03.257364,1250.0,1,1250.0,273,1255.0,148,2,2454,2025-06-20
2025-06-20 10:10:30.755091,1250.0,1,1250.0,272,1255.0,149,2,2454,2025-06-20
2025-06-20 10:10:48.528359,1255.0,1,1250.0,273,1255.0,149,1,2454,2025-06-20
2025-06-20 10:10:55.621697,1255.0,1,1250.0,273,1255.0,149,1,2454,2025-06-20
2025-06-20 10:11:02.747190,1250.0,1,1250.0,273,1255.0,149,2,2454,2025-06-20
2025-06-20 10:11:08.591155,1250.0,1,1250.0,275,1255.0,149,2,2454,2025-06-20
2025-06-20 10:11:18.905497,1250.0,5,1250.0,270,1255.0,144,2,2454,2025-06-20
2025-06-20 10:11:33.834896,1255.0,1,1250.0,271,1255.0,143,1,2454,2025-06-20
2025-06-20 10:11:57.740281,1250.0,1,1250.0,270,1255.0,147,2,2454,2025-06-20
2025-06-20 10:12:02.729894,1250.0,2,1250.0,259,1255.0,184,2,2454,2025-06-20
2025-06-20 10:12:02.785561,1250.0,22,1250.0,237,1255.0,184,2,2454,2025-06-20
2025-06-20 10:12:02.793532,1250.0,1,1250.0,236,1255.0,184,2,2454,2025-06-20
2025-06-20 10:12:03.775819,1250.0,1,1250.0,235,1255.0,184,2,2454,2025-06-20
2025-06-20 10:12:22.198963,1255.0,1,1250.0,229,1255.0,184,1,2454,2025-06-20
2025-06-20 10:12:26.888196,1255.0,1,1250.0,229,1255.0,183,1,2454,2025-06-20
2025-06-20 10:12:32.534151,1250.0,1,1250.0,229,1255.0,183,2,2454,2025-06-20
2025-06-20 10:13:00.007179,1250.0,1,1250.0,226,1255.0,183,2,2454,2025-06-20
2025-06-20 10:13:05.273940,1250.0,1,1250.0,225,1255.0,183,2,2454,2025-06-20
2025-06-20 10:13:08.878389,1250.0,1,1250.0,224,1255.0,183,2,2454,2025-06-20
2025-06-20 10:13:29.764903,1250.0,1,1250.0,221,1255.0,185,2,2454,2025-06-20
2025-06-20 10:13:37.985175,1250.0,1,1250.0,220,1255.0,187,2,2454,2025-06-20
2025-06-20 10:14:04.112711,1255.0,1,1250.0,226,1255.0,187,1,2454,2025-06-20
2025-06-20 10:14:09.098829,1250.0,1,1250.0,225,1255.0,184,2,2454,2025-06-20
2025-06-20 10:14:13.159339,1250.0,1,1250.0,224,1255.0,184,2,2454,2025-06-20
2025-06-20 10:14:23.896004,1250.0,1,1250.0,223,1255.0,184,2,2454,2025-06-20
2025-06-20 10:14:30.456300,1250.0,1,1250.0,223,1255.0,185,2,2454,2025-06-20
2025-06-20 10:14:34.077111,1250.0,1,1250.0,222,1255.0,185,2,2454,2025-06-20
2025-06-20 10:14:45.876132,1250.0,1,1250.0,221,1255.0,187,2,2454,2025-06-20
2025-06-20 10:14:46.820135,1250.0,1,1250.0,220,1255.0,187,2,2454,2025-06-20
2025-06-20 10:14:47.829733,1250.0,1,1250.0,219,1255.0,187,2,2454,2025-06-20
2025-06-20 10:14:55.041978,1250.0,1,1250.0,218,1255.0,187,2,2454,2025-06-20
2025-06-20 10:15:05.550629,1250.0,1,1250.0,218,1255.0,190,2,2454,2025-06-20
2025-06-20 10:15:05.856888,1250.0,12,1250.0,206,1255.0,190,2,2454,2025-06-20
2025-06-20 10:15:05.874762,1250.0,5,1250.0,201,1255.0,192,2,2454,2025-06-20
2025-06-20 10:15:05.874885,1250.0,6,1250.0,195,1255.0,192,2,2454,2025-06-20
2025-06-20 10:15:05.874902,1250.0,21,1250.0,174,1255.0,192,2,2454,2025-06-20
2025-06-20 10:15:05.907321,1250.0,1,1250.0,173,1255.0,196,2,2454,2025-06-20
2025-06-20 10:15:05.907427,1250.0,6,1250.0,167,1255.0,196,2,2454,2025-06-20
2025-06-20 10:15:05.958579,1250.0,3,1250.0,164,1255.0,203,2,2454,2025-06-20
2025-06-20 10:15:05.969872,1250.0,1,1250.0,163,1255.0,203,2,2454,2025-06-20
2025-06-20 10:15:05.984113,1250.0,20,1250.0,167,1255.0,203,2,2454,2025-06-20
2025-06-20 10:15:06.014584,1250.0,1,1250.0,142,1255.0,203,2,2454,2025-06-20
2025-06-20 10:15:06.014726,1250.0,3,1250.0,139,1255.0,203,2,2454,2025-06-20
2025-06-20 10:15:06.044018,1250.0,3,1250.0,136,1255.0,203,2,2454,2025-06-20
2025-06-20 10:15:08.789873,1250.0,1,1250.0,135,1255.0,204,2,2454,2025-06-20
2025-06-20 10:15:08.861896,1250.0,1,1250.0,134,1255.0,204,2,2454,2025-06-20
2025-06-20 10:15:11.321869,1250.0,1,1250.0,133,1255.0,204,2,2454,2025-06-20
2025-06-20 10:15:14.347842,1250.0,50,1250.0,83,1255.0,206,2,2454,2025-06-20
2025-06-20 10:15:14.361328,1250.0,5,1250.0,78,1255.0,206,2,2454,2025-06-20
2025-06-20 10:15:14.362380,1250.0,1,1250.0,77,1255.0,206,2,2454,2025-06-20
2025-06-20 10:15:14.362451,1250.0,1,1250.0,76,1255.0,204,2,2454,2025-06-20
2025-06-20 10:15:14.363533,1250.0,5,1250.0,74,1255.0,204,2,2454,2025-06-20
2025-06-20 10:15:14.382669,1250.0,22,1250.0,47,1255.0,204,2,2454,2025-06-20
2025-06-20 10:15:14.402320,1250.0,1,1250.0,46,1255.0,204,2,2454,2025-06-20
2025-06-20 10:15:14.403712,1250.0,6,1250.0,39,1255.0,204,2,2454,2025-06-20
2025-06-20 10:15:14.404256,1250.0,39,1245.0,260,1255.0,204,2,2454,2025-06-20
2025-06-20 10:15:47.071387,1245.0,1,1245.0,254,1250.0,174,2,2454,2025-06-20
2025-06-20 10:15:48.989175,1245.0,1,1245.0,254,1250.0,176,2,2454,2025-06-20
2025-06-20 10:15:52.324626,1245.0,1,1245.0,244,1250.0,176,2,2454,2025-06-20
2025-06-20 10:15:56.114538,1245.0,1,1245.0,237,1250.0,177,2,2454,2025-06-20
2025-06-20 10:16:02.021013,1245.0,2,1245.0,335,1250.0,177,2,2454,2025-06-20
2025-06-20 10:16:06.803862,1245.0,1,1245.0,333,1250.0,177,2,2454,2025-06-20
2025-06-20 10:16:06.988534,1245.0,1,1245.0,332,1250.0,177,2,2454,2025-06-20
2025-06-20 10:16:09.164158,1245.0,1,1245.0,331,1250.0,177,2,2454,2025-06-20
2025-06-20 10:16:15.552766,1250.0,1,1245.0,332,1250.0,167,1,2454,2025-06-20
2025-06-20 10:16:40.816963,1250.0,1,1245.0,356,1250.0,178,1,2454,2025-06-20
2025-06-20 10:16:46.020343,1245.0,2,1245.0,354,1250.0,179,2,2454,2025-06-20
2025-06-20 10:16:50.081990,1245.0,1,1245.0,353,1250.0,178,2,2454,2025-06-20
2025-06-20 10:16:53.833912,1250.0,1,1245.0,353,1250.0,177,1,2454,2025-06-20
2025-06-20 10:17:03.769749,1250.0,1,1245.0,354,1250.0,177,1,2454,2025-06-20
2025-06-20 10:17:03.894052,1250.0,1,1245.0,354,1250.0,176,1,2454,2025-06-20
2025-06-20 10:17:08.855023,1245.0,1,1245.0,354,1250.0,176,2,2454,2025-06-20
2025-06-20 10:17:15.228451,1245.0,1,1245.0,354,1250.0,177,2,2454,2025-06-20
2025-06-20 10:17:18.716782,1250.0,1,1245.0,354,1250.0,176,1,2454,2025-06-20
2025-06-20 10:17:22.292370,1250.0,1,1245.0,352,1250.0,175,1,2454,2025-06-20
2025-06-20 10:17:35.906457,1245.0,1,1245.0,351,1250.0,176,2,2454,2025-06-20
2025-06-20 10:17:44.828119,1245.0,1,1245.0,351,1250.0,176,2,2454,2025-06-20
2025-06-20 10:17:48.579567,1245.0,1,1245.0,350,1250.0,176,2,2454,2025-06-20
2025-06-20 10:18:12.781145,1245.0,1,1245.0,338,1250.0,178,2,2454,2025-06-20
2025-06-20 10:18:24.187473,1250.0,1,1245.0,348,1250.0,177,1,2454,2025-06-20
2025-06-20 10:18:26.941358,1250.0,48,1245.0,379,1250.0,128,1,2454,2025-06-20
2025-06-20 10:18:26.941451,1250.0,6,1245.0,379,1250.0,122,1,2454,2025-06-20
2025-06-20 10:18:26.982882,1250.0,6,1245.0,380,1250.0,116,1,2454,2025-06-20
2025-06-20 10:18:26.982897,1250.0,1,1245.0,380,1250.0,115,1,2454,2025-06-20
2025-06-20 10:18:29.236616,1245.0,1,1245.0,380,1250.0,115,2,2454,2025-06-20
2025-06-20 10:18:31.716515,1250.0,1,1245.0,381,1250.0,115,1,2454,2025-06-20
2025-06-20 10:18:31.878719,1250.0,9,1245.0,381,1250.0,106,1,2454,2025-06-20
2025-06-20 10:18:31.907282,1250.0,4,1245.0,383,1250.0,102,1,2454,2025-06-20
2025-06-20 10:18:31.929482,1250.0,6,1245.0,383,1250.0,96,1,2454,2025-06-20
2025-06-20 10:18:31.986953,1250.0,11,1245.0,386,1250.0,97,1,2454,2025-06-20
2025-06-20 10:18:32.084905,1250.0,1,1245.0,386,1250.0,85,1,2454,2025-06-20
2025-06-20 10:18:36.107250,1250.0,1,1245.0,386,1250.0,84,1,2454,2025-06-20
2025-06-20 10:18:39.386567,1250.0,1,1245.0,386,1250.0,83,1,2454,2025-06-20
2025-06-20 10:18:39.507884,1250.0,5,1245.0,386,1250.0,78,1,2454,2025-06-20
2025-06-20 10:18:44.126173,1245.0,1,1245.0,383,1250.0,78,2,2454,2025-06-20
2025-06-20 10:18:44.790984,1250.0,1,1245.0,381,1250.0,77,1,2454,2025-06-20
2025-06-20 10:18:47.360696,1250.0,1,1245.0,381,1250.0,77,1,2454,2025-06-20
2025-06-20 10:18:48.625361,1250.0,1,1245.0,382,1250.0,76,1,2454,2025-06-20
2025-06-20 10:18:48.689821,1250.0,1,1245.0,382,1250.0,75,1,2454,2025-06-20
2025-06-20 10:18:49.909447,1250.0,1,1245.0,382,1250.0,74,1,2454,2025-06-20
2025-06-20 10:18:50.527173,1250.0,1,1245.0,382,1250.0,73,1,2454,2025-06-20
2025-06-20 10:19:05.037287,1245.0,1,1245.0,281,1250.0,124,2,2454,2025-06-20
2025-06-20 10:19:05.678707,1250.0,1,1245.0,281,1250.0,123,1,2454,2025-06-20
2025-06-20 10:19:09.045490,1245.0,1,1245.0,281,1250.0,124,2,2454,2025-06-20
2025-06-20 10:19:22.918967,1250.0,1,1245.0,283,1250.0,117,1,2454,2025-06-20
2025-06-20 10:19:40.300455,1250.0,1,1245.0,286,1250.0,117,1,2454,2025-06-20
2025-06-20 10:19:49.228059,1245.0,1,1245.0,286,1250.0,117,2,2454,2025-06-20
2025-06-20 10:19:59.597361,1250.0,1,1245.0,255,1250.0,117,1,2454,2025-06-20
2025-06-20 10:20:20.738227,1250.0,1,1245.0,257,1250.0,115,1,2454,2025-06-20
2025-06-20 10:20:25.000336,1245.0,1,1245.0,256,1250.0,115,2,2454,2025-06-20
2025-06-20 10:20:39.169232,1245.0,1,1245.0,256,1250.0,115,2,2454,2025-06-20
2025-06-20 10:20:50.294255,1250.0,1,1245.0,257,1250.0,118,1,2454,2025-06-20
2025-06-20 10:20:55.017732,1245.0,4,1245.0,253,1250.0,117,2,2454,2025-06-20
2025-06-20 10:20:57.060289,1250.0,1,1245.0,242,1250.0,119,1,2454,2025-06-20
2025-06-20 10:20:57.417306,1245.0,1,1245.0,241,1250.0,119,2,2454,2025-06-20
2025-06-20 10:21:05.749371,1245.0,1,1245.0,243,1250.0,124,2,2454,2025-06-20
2025-06-20 10:21:09.028161,1245.0,1,1245.0,243,1250.0,127,2,2454,2025-06-20
2025-06-20 10:21:29.379080,1245.0,1,1245.0,346,1250.0,126,2,2454,2025-06-20
2025-06-20 10:21:42.719671,1250.0,1,1245.0,348,1250.0,126,1,2454,2025-06-20
2025-06-20 10:21:48.027808,1250.0,1,1245.0,348,1250.0,125,1,2454,2025-06-20
2025-06-20 10:21:54.326093,1250.0,1,1245.0,348,1250.0,124,1,2454,2025-06-20
2025-06-20 10:21:54.374533,1250.0,1,1245.0,348,1250.0,123,1,2454,2025-06-20
2025-06-20 10:22:01.058308,1250.0,1,1245.0,348,1250.0,123,1,2454,2025-06-20
2025-06-20 10:22:33.217867,1245.0,1,1245.0,348,1250.0,122,2,2454,2025-06-20
2025-06-20 10:22:48.476532,1250.0,1,1245.0,348,1250.0,121,1,2454,2025-06-20
2025-06-20 10:22:49.462056,1245.0,1,1245.0,347,1250.0,121,2,2454,2025-06-20
2025-06-20 10:22:57.086516,1250.0,2,1245.0,347,1250.0,121,1,2454,2025-06-20
2025-06-20 10:23:07.435351,1250.0,1,1245.0,348,1250.0,117,1,2454,2025-06-20
2025-06-20 10:23:09.010403,1245.0,1,1245.0,347,1250.0,117,2,2454,2025-06-20
2025-06-20 10:23:14.002731,1245.0,1,1245.0,347,1250.0,115,2,2454,2025-06-20
2025-06-20 10:23:15.011126,1245.0,1,1245.0,347,1250.0,115,2,2454,2025-06-20
2025-06-20 10:23:19.209850,1250.0,1,1245.0,349,1250.0,116,1,2454,2025-06-20
2025-06-20 10:23:22.065795,1245.0,1,1245.0,348,1250.0,116,2,2454,2025-06-20
2025-06-20 10:23:46.659093,1250.0,1,1245.0,355,1250.0,115,1,2454,2025-06-20
2025-06-20 10:24:11.252835,1250.0,1,1245.0,357,1250.0,115,1,2454,2025-06-20
2025-06-20 10:24:13.444689,1250.0,1,1245.0,357,1250.0,114,1,2454,2025-06-20
2025-06-20 10:24:13.627992,1250.0,1,1245.0,357,1250.0,113,1,2454,2025-06-20
2025-06-20 10:24:16.382788,1250.0,1,1245.0,356,1250.0,115,1,2454,2025-06-20
2025-06-20 10:24:26.871070,1245.0,1,1245.0,355,1250.0,115,2,2454,2025-06-20
2025-06-20 10:24:27.737749,1245.0,1,1245.0,354,1250.0,114,2,2454,2025-06-20
2025-06-20 10:24:28.261827,1245.0,1,1245.0,353,1250.0,114,2,2454,2025-06-20
2025-06-20 10:24:29.730011,1250.0,1,1245.0,353,1250.0,114,1,2454,2025-06-20
2025-06-20 10:24:42.400670,1250.0,2,1245.0,364,1250.0,104,1,2454,2025-06-20
2025-06-20 10:25:03.888049,1250.0,1,1245.0,368,1250.0,103,1,2454,2025-06-20
2025-06-20 10:25:09.202306,1245.0,1,1245.0,367,1250.0,103,2,2454,2025-06-20
2025-06-20 10:25:20.799224,1245.0,1,1245.0,354,1250.0,133,2,2454,2025-06-20
2025-06-20 10:25:22.885022,1250.0,2,1245.0,355,1250.0,132,1,2454,2025-06-20
2025-06-20 10:25:34.214590,1250.0,2,1245.0,356,1250.0,181,1,2454,2025-06-20
2025-06-20 10:25:34.498417,1250.0,1,1245.0,356,1250.0,180,1,2454,2025-06-20
2025-06-20 10:25:38.274263,1250.0,1,1245.0,357,1250.0,179,1,2454,2025-06-20
2025-06-20 10:25:52.680426,1250.0,1,1245.0,360,1250.0,180,1,2454,2025-06-20
2025-06-20 10:26:03.149285,1245.0,1,1245.0,260,1250.0,181,2,2454,2025-06-20
2025-06-20 10:26:08.390401,1250.0,1,1245.0,263,1250.0,199,1,2454,2025-06-20
2025-06-20 10:26:17.920529,1250.0,1,1245.0,251,1250.0,199,1,2454,2025-06-20
2025-06-20 10:26:19.192927,1245.0,1,1245.0,250,1250.0,200,2,2454,2025-06-20
2025-06-20 10:26:22.296589,1245.0,1,1245.0,246,1250.0,203,2,2454,2025-06-20
2025-06-20 10:26:22.469211,1245.0,2,1245.0,244,1250.0,203,2,2454,2025-06-20
2025-06-20 10:26:22.806818,1250.0,1,1245.0,244,1250.0,203,1,2454,2025-06-20
2025-06-20 10:26:49.390666,1245.0,1,1245.0,258,1250.0,200,2,2454,2025-06-20
2025-06-20 10:27:09.195739,1245.0,1,1245.0,255,1250.0,203,2,2454,2025-06-20
2025-06-20 10:27:09.525319,1245.0,1,1245.0,254,1250.0,203,2,2454,2025-06-20
2025-06-20 10:27:11.451778,1245.0,4,1245.0,240,1250.0,205,2,2454,2025-06-20
2025-06-20 10:27:16.001096,1245.0,1,1245.0,240,1250.0,205,2,2454,2025-06-20
2025-06-20 10:27:20.083391,1245.0,1,1245.0,239,1250.0,205,2,2454,2025-06-20
2025-06-20 10:27:37.961490,1245.0,1,1245.0,237,1250.0,205,2,2454,2025-06-20
2025-06-20 10:27:39.241516,1245.0,1,1245.0,237,1250.0,205,2,2454,2025-06-20
2025-06-20 10:27:47.794652,1245.0,1,1245.0,236,1250.0,206,2,2454,2025-06-20
2025-06-20 10:27:57.227349,1250.0,1,1245.0,238,1250.0,205,1,2454,2025-06-20
2025-06-20 10:28:20.901108,1245.0,1,1245.0,238,1250.0,244,2,2454,2025-06-20
2025-06-20 10:28:32.641776,1245.0,1,1245.0,238,1250.0,244,2,2454,2025-06-20
2025-06-20 10:28:52.325782,1245.0,1,1245.0,237,1250.0,245,2,2454,2025-06-20
2025-06-20 10:29:09.236285,1245.0,1,1245.0,235,1250.0,245,2,2454,2025-06-20
2025-06-20 10:29:12.041181,1245.0,1,1245.0,235,1250.0,245,2,2454,2025-06-20
2025-06-20 10:29:24.748882,1245.0,2,1245.0,232,1250.0,249,2,2454,2025-06-20
2025-06-20 10:30:16.257438,1250.0,1,1245.0,232,1250.0,250,1,2454,2025-06-20
2025-06-20 10:30:23.176331,1245.0,2,1245.0,230,1250.0,246,2,2454,2025-06-20
2025-06-20 10:30:34.022999,1245.0,1,1245.0,230,1250.0,246,2,2454,2025-06-20
2025-06-20 10:30:43.379209,1250.0,2,1245.0,232,1250.0,245,1,2454,2025-06-20
2025-06-20 10:31:04.931942,1250.0,1,1245.0,234,1250.0,246,1,2454,2025-06-20
2025-06-20 10:31:07.080622,1245.0,1,1245.0,233,1250.0,246,2,2454,2025-06-20
2025-06-20 10:31:08.916075,1245.0,1,1245.0,233,1250.0,246,2,2454,2025-06-20
2025-06-20 10:31:09.413591,1245.0,1,1245.0,232,1250.0,246,2,2454,2025-06-20
2025-06-20 10:31:09.750969,1245.0,1,1245.0,231,1250.0,245,2,2454,2025-06-20
2025-06-20 10:31:24.905194,1250.0,1,1245.0,232,1250.0,245,1,2454,2025-06-20
2025-06-20 10:31:29.616538,1245.0,1,1245.0,231,1250.0,245,2,2454,2025-06-20
2025-06-20 10:31:41.474424,1245.0,1,1245.0,230,1250.0,246,2,2454,2025-06-20
2025-06-20 10:31:54.447642,1250.0,2,1245.0,230,1250.0,244,1,2454,2025-06-20
2025-06-20 10:31:56.481414,1245.0,1,1245.0,229,1250.0,244,2,2454,2025-06-20
2025-06-20 10:32:00.360037,1250.0,1,1245.0,229,1250.0,243,1,2454,2025-06-20
2025-06-20 10:32:09.708469,1245.0,1,1245.0,282,1250.0,243,2,2454,2025-06-20
2025-06-20 10:32:35.121005,1250.0,1,1245.0,287,1250.0,243,1,2454,2025-06-20
2025-06-20 10:32:55.172589,1250.0,1,1245.0,292,1250.0,242,1,2454,2025-06-20
2025-06-20 10:33:02.121820,1245.0,1,1245.0,291,1250.0,242,2,2454,2025-06-20
2025-06-20 10:33:09.407257,1245.0,1,1245.0,291,1250.0,243,2,2454,2025-06-20
2025-06-20 10:33:33.484079,1250.0,1,1245.0,295,1250.0,243,1,2454,2025-06-20
2025-06-20 10:34:03.203936,1245.0,1,1245.0,295,1250.0,249,2,2454,2025-06-20
2025-06-20 10:34:04.690956,1250.0,1,1245.0,293,1250.0,248,1,2454,2025-06-20
2025-06-20 10:34:29.835373,1245.0,1,1245.0,306,1250.0,249,2,2454,2025-06-20
2025-06-20 10:34:30.519100,1245.0,1,1245.0,304,1250.0,249,2,2454,2025-06-20
2025-06-20 10:34:35.898477,1250.0,1,1245.0,305,1250.0,248,1,2454,2025-06-20
2025-06-20 10:34:49.097514,1250.0,2,1245.0,304,1250.0,246,1,2454,2025-06-20
2025-06-20 10:34:54.082628,1250.0,1,1245.0,305,1250.0,245,1,2454,2025-06-20
2025-06-20 10:34:57.155702,1245.0,1,1245.0,304,1250.0,245,2,2454,2025-06-20
2025-06-20 10:35:08.379590,1245.0,1,1245.0,303,1250.0,245,2,2454,2025-06-20
2025-06-20 10:35:18.291947,1250.0,1,1245.0,304,1250.0,245,1,2454,2025-06-20
2025-06-20 10:35:41.798461,1250.0,1,1245.0,308,1250.0,247,1,2454,2025-06-20
2025-06-20 10:35:42.364579,1250.0,1,1245.0,308,1250.0,246,1,2454,2025-06-20
2025-06-20 10:35:42.451778,1250.0,2,1245.0,308,1250.0,232,1,2454,2025-06-20
2025-06-20 10:35:42.483323,1250.0,3,1245.0,308,1250.0,234,1,2454,2025-06-20
2025-06-20 10:35:44.202869,1250.0,1,1245.0,312,1250.0,227,1,2454,2025-06-20
2025-06-20 10:35:48.824535,1245.0,1,1245.0,311,1250.0,227,2,2454,2025-06-20
2025-06-20 10:35:51.391711,1250.0,2,1245.0,311,1250.0,225,1,2454,2025-06-20
2025-06-20 10:36:07.112529,1250.0,1,1245.0,324,1250.0,227,1,2454,2025-06-20
2025-06-20 10:36:12.423825,1245.0,1,1245.0,322,1250.0,227,2,2454,2025-06-20
2025-06-20 10:36:13.213319,1250.0,1,1245.0,323,1250.0,226,1,2454,2025-06-20
2025-06-20 10:36:23.092158,1250.0,1,1245.0,322,1250.0,226,1,2454,2025-06-20
2025-06-20 10:36:31.641300,1250.0,1,1245.0,323,1250.0,223,1,2454,2025-06-20
2025-06-20 10:36:35.303842,1250.0,1,1245.0,324,1250.0,222,1,2454,2025-06-20
2025-06-20 10:36:43.116447,1245.0,1,1245.0,328,1250.0,221,2,2454,2025-06-20
2025-06-20 10:36:53.187310,1245.0,1,1245.0,329,1250.0,221,2,2454,2025-06-20
2025-06-20 10:36:56.447488,1250.0,1,1245.0,327,1250.0,220,1,2454,2025-06-20
2025-06-20 10:37:08.565336,1245.0,1,1245.0,327,1250.0,219,2,2454,2025-06-20
2025-06-20 10:37:12.939143,1250.0,1,1245.0,325,1250.0,219,1,2454,2025-06-20
2025-06-20 10:37:18.545185,1245.0,1,1245.0,327,1250.0,219,2,2454,2025-06-20
2025-06-20 10:37:28.818632,1245.0,1,1245.0,326,1250.0,219,2,2454,2025-06-20
2025-06-20 10:37:41.997408,1245.0,1,1245.0,324,1250.0,219,2,2454,2025-06-20
2025-06-20 10:37:50.724953,1245.0,1,1245.0,323,1250.0,219,2,2454,2025-06-20
2025-06-20 10:37:52.006029,1245.0,1,1245.0,322,1250.0,219,2,2454,2025-06-20
2025-06-20 10:37:54.764888,1245.0,1,1245.0,319,1250.0,218,2,2454,2025-06-20
2025-06-20 10:38:48.221956,1245.0,1,1245.0,330,1250.0,223,2,2454,2025-06-20
2025-06-20 10:38:56.228267,1250.0,1,1245.0,330,1250.0,222,1,2454,2025-06-20
2025-06-20 10:39:09.572918,1245.0,1,1245.0,332,1250.0,223,2,2454,2025-06-20
2025-06-20 10:39:10.259189,1250.0,1,1245.0,332,1250.0,222,1,2454,2025-06-20
2025-06-20 10:39:11.364293,1250.0,1,1245.0,332,1250.0,221,1,2454,2025-06-20
2025-06-20 10:39:32.911229,1250.0,1,1245.0,333,1250.0,219,1,2454,2025-06-20
2025-06-20 10:39:34.449758,1250.0,1,1245.0,333,1250.0,218,1,2454,2025-06-20
2025-06-20 10:39:50.512535,1250.0,1,1245.0,339,1250.0,217,1,2454,2025-06-20
2025-06-20 10:40:03.651734,1250.0,1,1245.0,341,1250.0,216,1,2454,2025-06-20
2025-06-20 10:40:05.073055,1245.0,1,1245.0,341,1250.0,216,2,2454,2025-06-20
2025-06-20 10:40:06.996039,1250.0,1,1245.0,341,1250.0,215,1,2454,2025-06-20
2025-06-20 10:40:08.623613,1245.0,1,1245.0,340,1250.0,215,2,2454,2025-06-20
2025-06-20 10:40:09.027306,1245.0,1,1245.0,339,1250.0,215,2,2454,2025-06-20
2025-06-20 10:40:29.698517,1245.0,1,1245.0,341,1250.0,215,2,2454,2025-06-20
2025-06-20 10:40:43.252439,1245.0,1,1245.0,344,1250.0,217,2,2454,2025-06-20
2025-06-20 10:41:08.018252,1245.0,1,1245.0,345,1250.0,217,2,2454,2025-06-20
2025-06-20 10:41:10.722239,1245.0,1,1245.0,344,1250.0,217,2,2454,2025-06-20
2025-06-20 10:41:11.854445,1245.0,1,1245.0,343,1250.0,217,2,2454,2025-06-20
2025-06-20 10:41:51.019681,1245.0,1,1245.0,349,1250.0,218,2,2454,2025-06-20
2025-06-20 10:41:51.863450,1250.0,1,1245.0,349,1250.0,217,1,2454,2025-06-20
2025-06-20 10:42:04.003213,1245.0,1,1245.0,347,1250.0,219,2,2454,2025-06-20
2025-06-20 10:42:25.086473,1245.0,1,1245.0,346,1250.0,220,2,2454,2025-06-20
2025-06-20 10:42:30.019058,1245.0,1,1245.0,345,1250.0,221,2,2454,2025-06-20
2025-06-20 10:42:35.688511,1245.0,1,1245.0,346,1250.0,222,2,2454,2025-06-20
2025-06-20 10:42:38.283506,1245.0,1,1245.0,345,1250.0,222,2,2454,2025-06-20
2025-06-20 10:42:48.929631,1245.0,1,1245.0,344,1250.0,222,2,2454,2025-06-20
2025-06-20 10:42:58.736269,1245.0,1,1245.0,346,1250.0,222,2,2454,2025-06-20
2025-06-20 10:43:07.020667,1245.0,1,1245.0,348,1250.0,222,2,2454,2025-06-20
2025-06-20 10:43:11.721022,1245.0,1,1245.0,348,1250.0,223,2,2454,2025-06-20
2025-06-20 10:43:19.881805,1245.0,1,1245.0,346,1250.0,223,2,2454,2025-06-20
2025-06-20 10:43:22.236209,1250.0,1,1245.0,347,1250.0,222,1,2454,2025-06-20
2025-06-20 10:43:56.028293,1245.0,1,1245.0,348,1250.0,222,2,2454,2025-06-20
2025-06-20 10:44:10.507760,1250.0,1,1245.0,354,1250.0,221,1,2454,2025-06-20
2025-06-20 10:44:21.737451,1245.0,2,1245.0,354,1250.0,221,2,2454,2025-06-20
2025-06-20 10:44:29.217285,1245.0,1,1245.0,354,1250.0,222,2,2454,2025-06-20
2025-06-20 10:44:31.626476,1250.0,1,1245.0,355,1250.0,221,1,2454,2025-06-20
2025-06-20 10:44:32.792316,1245.0,1,1245.0,354,1250.0,221,2,2454,2025-06-20
2025-06-20 10:44:34.313299,1245.0,1,1245.0,353,1250.0,221,2,2454,2025-06-20
2025-06-20 10:44:46.904823,1245.0,1,1245.0,353,1250.0,221,2,2454,2025-06-20
2025-06-20 10:44:50.150449,1245.0,1,1245.0,352,1250.0,221,2,2454,2025-06-20
2025-06-20 10:45:00.044371,1245.0,1,1245.0,351,1250.0,221,2,2454,2025-06-20
2025-06-20 10:45:10.917719,1245.0,1,1245.0,351,1250.0,221,2,2454,2025-06-20
2025-06-20 10:45:12.924960,1245.0,1,1245.0,350,1250.0,222,2,2454,2025-06-20
2025-06-20 10:45:21.514703,1250.0,1,1245.0,351,1250.0,223,1,2454,2025-06-20
2025-06-20 10:45:35.019034,1245.0,1,1245.0,350,1250.0,223,2,2454,2025-06-20
2025-06-20 10:45:48.715714,1245.0,1,1245.0,349,1250.0,225,2,2454,2025-06-20
2025-06-20 10:45:50.486593,1245.0,1,1245.0,349,1250.0,224,2,2454,2025-06-20
2025-06-20 10:46:08.519116,1250.0,1,1245.0,348,1250.0,223,1,2454,2025-06-20
2025-06-20 10:46:15.762503,1245.0,1,1245.0,347,1250.0,222,2,2454,2025-06-20
2025-06-20 10:46:29.343655,1245.0,1,1245.0,349,1250.0,222,2,2454,2025-06-20
2025-06-20 10:46:29.389614,1250.0,1,1245.0,349,1250.0,221,1,2454,2025-06-20
2025-06-20 10:46:30.673299,1245.0,1,1245.0,348,1250.0,221,2,2454,2025-06-20
2025-06-20 10:46:51.212755,1250.0,1,1245.0,353,1250.0,219,1,2454,2025-06-20
2025-06-20 10:46:53.100921,1250.0,1,1245.0,353,1250.0,217,1,2454,2025-06-20
2025-06-20 10:47:13.878766,1245.0,1,1245.0,353,1250.0,217,2,2454,2025-06-20
2025-06-20 10:47:27.335594,1245.0,1,1245.0,352,1250.0,217,2,2454,2025-06-20
2025-06-20 10:47:31.948030,1250.0,1,1245.0,352,1250.0,216,1,2454,2025-06-20
2025-06-20 10:47:41.280393,1245.0,1,1245.0,352,1250.0,215,2,2454,2025-06-20
2025-06-20 10:47:49.632370,1250.0,1,1245.0,353,1250.0,213,1,2454,2025-06-20
2025-06-20 10:47:53.888154,1245.0,1,1245.0,354,1250.0,213,2,2454,2025-06-20
2025-06-20 10:48:09.241466,1245.0,1,1245.0,365,1250.0,213,2,2454,2025-06-20
2025-06-20 10:48:16.751424,1250.0,1,1245.0,367,1250.0,212,1,2454,2025-06-20
2025-06-20 10:48:24.372134,1245.0,1,1245.0,357,1250.0,213,2,2454,2025-06-20
2025-06-20 10:48:28.054770,1245.0,1,1245.0,356,1250.0,212,2,2454,2025-06-20
2025-06-20 10:48:32.788333,1250.0,1,1245.0,356,1250.0,211,1,2454,2025-06-20
2025-06-20 10:48:33.214009,1250.0,1,1245.0,356,1250.0,210,1,2454,2025-06-20
2025-06-20 10:48:39.013080,1245.0,1,1245.0,354,1250.0,210,2,2454,2025-06-20
2025-06-20 10:48:41.109409,1250.0,1,1245.0,354,1250.0,209,1,2454,2025-06-20
2025-06-20 10:48:48.461733,1250.0,1,1245.0,355,1250.0,208,1,2454,2025-06-20
2025-06-20 10:48:49.387308,1245.0,1,1245.0,354,1250.0,208,2,2454,2025-06-20
2025-06-20 10:48:49.406138,1250.0,1,1245.0,354,1250.0,207,1,2454,2025-06-20
2025-06-20 10:48:57.861830,1250.0,2,1245.0,354,1250.0,205,1,2454,2025-06-20
2025-06-20 10:49:00.916928,1250.0,2,1245.0,354,1250.0,203,1,2454,2025-06-20
2025-06-20 10:49:04.012670,1245.0,1,1245.0,353,1250.0,202,2,2454,2025-06-20
2025-06-20 10:49:05.644524,1250.0,2,1245.0,353,1250.0,200,1,2454,2025-06-20
2025-06-20 10:49:11.594212,1250.0,3,1245.0,361,1250.0,197,1,2454,2025-06-20
2025-06-20 10:49:11.623484,1250.0,2,1245.0,363,1250.0,195,1,2454,2025-06-20
2025-06-20 10:49:11.635561,1250.0,195,1245.0,363,1250.0,197,1,2454,2025-06-20
2025-06-20 10:49:11.777731,1250.0,1,1250.0,47,1255.0,102,2,2454,2025-06-20
2025-06-20 10:49:15.083414,1250.0,1,1250.0,59,1255.0,100,2,2454,2025-06-20
2025-06-20 10:50:19.206267,1250.0,1,1250.0,163,1255.0,61,2,2454,2025-06-20
2025-06-20 10:50:19.403833,1250.0,1,1250.0,162,1255.0,62,2,2454,2025-06-20
2025-06-20 10:51:07.430698,1255.0,1,1250.0,125,1255.0,69,1,2454,2025-06-20
2025-06-20 10:51:14.827089,1250.0,1,1250.0,128,1255.0,65,2,2454,2025-06-20
2025-06-20 10:51:16.036691,1250.0,1,1250.0,128,1255.0,66,2,2454,2025-06-20
2025-06-20 10:51:28.176685,1250.0,1,1250.0,156,1255.0,64,2,2454,2025-06-20
2025-06-20 10:51:29.100741,1250.0,1,1250.0,155,1255.0,66,2,2454,2025-06-20
2025-06-20 10:52:14.429917,1250.0,1,1250.0,70,1255.0,71,2,2454,2025-06-20
2025-06-20 10:52:29.785753,1250.0,1,1250.0,62,1255.0,78,2,2454,2025-06-20
2025-06-20 10:52:33.768436,1250.0,1,1250.0,62,1255.0,93,2,2454,2025-06-20
2025-06-20 10:52:56.260767,1250.0,1,1250.0,54,1255.0,104,2,2454,2025-06-20
2025-06-20 10:53:09.638290,1250.0,1,1250.0,53,1255.0,104,2,2454,2025-06-20
2025-06-20 10:53:17.242228,1250.0,1,1250.0,52,1255.0,105,2,2454,2025-06-20
2025-06-20 10:53:21.286632,1250.0,1,1250.0,51,1255.0,105,2,2454,2025-06-20
2025-06-20 10:53:26.099084,1255.0,1,1250.0,51,1255.0,106,1,2454,2025-06-20
2025-06-20 10:53:29.512933,1250.0,1,1250.0,50,1255.0,106,2,2454,2025-06-20
2025-06-20 10:53:30.786995,1250.0,1,1250.0,49,1255.0,105,2,2454,2025-06-20
2025-06-20 10:54:10.459402,1250.0,1,1250.0,53,1255.0,103,2,2454,2025-06-20
2025-06-20 10:54:19.367012,1250.0,1,1250.0,52,1255.0,104,2,2454,2025-06-20
2025-06-20 10:54:35.720178,1250.0,1,1250.0,51,1255.0,105,2,2454,2025-06-20
2025-06-20 10:54:40.106307,1255.0,2,1250.0,51,1255.0,103,1,2454,2025-06-20
2025-06-20 10:55:17.433001,1250.0,1,1250.0,73,1255.0,104,2,2454,2025-06-20
2025-06-20 10:55:28.484004,1255.0,1,1250.0,66,1255.0,104,1,2454,2025-06-20
2025-06-20 10:55:45.043280,1255.0,1,1250.0,70,1255.0,104,1,2454,2025-06-20
2025-06-20 10:56:01.643575,1250.0,1,1250.0,71,1255.0,104,2,2454,2025-06-20
2025-06-20 10:56:05.486430,1250.0,1,1250.0,70,1255.0,103,2,2454,2025-06-20
2025-06-20 10:56:32.160269,1250.0,1,1250.0,64,1255.0,110,2,2454,2025-06-20
2025-06-20 10:56:58.492073,1255.0,1,1250.0,75,1255.0,111,1,2454,2025-06-20
2025-06-20 10:57:08.598015,1250.0,1,1250.0,76,1255.0,110,2,2454,2025-06-20
2025-06-20 10:57:18.689302,1250.0,1,1250.0,75,1255.0,113,2,2454,2025-06-20
2025-06-20 10:57:28.806843,1250.0,1,1250.0,75,1255.0,113,2,2454,2025-06-20
2025-06-20 10:57:29.208015,1255.0,1,1250.0,75,1255.0,112,1,2454,2025-06-20
2025-06-20 10:57:37.728948,1250.0,1,1250.0,74,1255.0,114,2,2454,2025-06-20
2025-06-20 10:57:56.941274,1250.0,1,1250.0,77,1255.0,114,2,2454,2025-06-20
2025-06-20 10:58:00.515418,1250.0,1,1250.0,76,1255.0,114,2,2454,2025-06-20
2025-06-20 10:58:03.908165,1255.0,1,1250.0,77,1255.0,113,1,2454,2025-06-20
2025-06-20 10:58:22.056554,1255.0,1,1250.0,78,1255.0,110,1,2454,2025-06-20
2025-06-20 10:58:49.050377,1250.0,1,1250.0,81,1255.0,108,2,2454,2025-06-20
2025-06-20 10:59:19.892652,1250.0,1,1250.0,86,1255.0,109,2,2454,2025-06-20
2025-06-20 10:59:28.211394,1250.0,1,1250.0,95,1255.0,108,2,2454,2025-06-20
2025-06-20 10:59:47.988117,1250.0,1,1250.0,106,1255.0,97,2,2454,2025-06-20
2025-06-20 10:59:50.546835,1255.0,2,1250.0,106,1255.0,95,1,2454,2025-06-20
2025-06-20 10:59:55.545083,1250.0,1,1250.0,108,1255.0,97,2,2454,2025-06-20
2025-06-20 10:59:58.679252,1250.0,1,1250.0,107,1255.0,97,2,2454,2025-06-20
2025-06-20 11:00:22.933925,1255.0,1,1250.0,122,1255.0,95,1,2454,2025-06-20
2025-06-20 11:00:57.288835,1250.0,1,1250.0,130,1255.0,93,2,2454,2025-06-20
2025-06-20 11:01:03.518157,1255.0,1,1250.0,114,1255.0,93,1,2454,2025-06-20
2025-06-20 11:01:17.772294,1250.0,1,1250.0,114,1255.0,95,2,2454,2025-06-20
2025-06-20 11:01:20.900352,1250.0,1,1250.0,112,1255.0,95,2,2454,2025-06-20
2025-06-20 11:01:22.789507,1250.0,1,1250.0,111,1255.0,94,2,2454,2025-06-20
2025-06-20 11:01:49.451996,1250.0,1,1250.0,99,1255.0,97,2,2454,2025-06-20
2025-06-20 11:01:51.573173,1250.0,1,1250.0,98,1255.0,97,2,2454,2025-06-20
2025-06-20 11:01:54.912819,1250.0,1,1250.0,97,1255.0,101,2,2454,2025-06-20
2025-06-20 11:02:42.710352,1255.0,1,1250.0,101,1255.0,113,1,2454,2025-06-20
2025-06-20 11:02:49.055802,1250.0,1,1250.0,100,1255.0,113,2,2454,2025-06-20
2025-06-20 11:03:22.051791,1250.0,1,1250.0,99,1255.0,115,2,2454,2025-06-20
2025-06-20 11:03:46.599494,1250.0,1,1250.0,98,1255.0,117,2,2454,2025-06-20
2025-06-20 11:04:09.387063,1250.0,1,1250.0,99,1255.0,116,2,2454,2025-06-20
2025-06-20 11:04:38.880094,1250.0,1,1250.0,99,1255.0,118,2,2454,2025-06-20
2025-06-20 11:05:00.814102,1255.0,1,1250.0,101,1255.0,120,1,2454,2025-06-20
2025-06-20 11:05:22.080241,1255.0,1,1250.0,101,1255.0,121,1,2454,2025-06-20
2025-06-20 11:05:23.058050,1250.0,1,1250.0,100,1255.0,121,2,2454,2025-06-20
2025-06-20 11:05:39.080970,1250.0,1,1250.0,102,1255.0,122,2,2454,2025-06-20
2025-06-20 11:05:41.626897,1250.0,1,1250.0,101,1255.0,122,2,2454,2025-06-20
2025-06-20 11:06:09.598460,1250.0,1,1250.0,102,1255.0,124,2,2454,2025-06-20
2025-06-20 11:06:12.047996,1250.0,1,1250.0,101,1255.0,124,2,2454,2025-06-20
2025-06-20 11:06:27.780199,1250.0,1,1250.0,100,1255.0,123,2,2454,2025-06-20
2025-06-20 11:07:06.990993,1250.0,1,1250.0,101,1255.0,126,2,2454,2025-06-20
2025-06-20 11:07:07.158825,1250.0,1,1250.0,100,1255.0,126,2,2454,2025-06-20
2025-06-20 11:07:19.931974,1255.0,1,1250.0,100,1255.0,125,1,2454,2025-06-20
2025-06-20 11:07:24.209575,1250.0,1,1250.0,99,1255.0,125,2,2454,2025-06-20
2025-06-20 11:07:36.652705,1250.0,1,1250.0,98,1255.0,127,2,2454,2025-06-20
2025-06-20 11:07:59.802341,1250.0,1,1250.0,100,1255.0,127,2,2454,2025-06-20
2025-06-20 11:08:07.212706,1255.0,1,1250.0,101,1255.0,127,1,2454,2025-06-20
2025-06-20 11:08:29.263825,1250.0,1,1250.0,103,1255.0,125,2,2454,2025-06-20
2025-06-20 11:09:25.413706,1250.0,1,1250.0,106,1255.0,127,2,2454,2025-06-20
2025-06-20 11:09:25.518873,1255.0,1,1250.0,106,1255.0,126,1,2454,2025-06-20
2025-06-20 11:09:29.602327,1250.0,1,1250.0,112,1255.0,126,2,2454,2025-06-20
2025-06-20 11:09:32.679638,1250.0,1,1250.0,111,1255.0,126,2,2454,2025-06-20
2025-06-20 11:09:39.033421,1255.0,1,1250.0,110,1255.0,125,1,2454,2025-06-20
2025-06-20 11:10:11.021325,1250.0,1,1250.0,108,1255.0,125,2,2454,2025-06-20
2025-06-20 11:10:29.242739,1255.0,1,1250.0,108,1255.0,125,1,2454,2025-06-20
2025-06-20 11:10:29.462064,1250.0,1,1250.0,107,1255.0,125,2,2454,2025-06-20
2025-06-20 11:10:29.706763,1250.0,1,1250.0,106,1255.0,125,2,2454,2025-06-20
2025-06-20 11:10:44.509541,1255.0,1,1250.0,107,1255.0,125,1,2454,2025-06-20
2025-06-20 11:11:19.547316,1250.0,1,1250.0,112,1255.0,128,2,2454,2025-06-20
2025-06-20 11:11:20.865722,1250.0,1,1250.0,111,1255.0,128,2,2454,2025-06-20
2025-06-20 11:11:26.564202,1250.0,1,1250.0,111,1255.0,129,2,2454,2025-06-20
2025-06-20 11:11:27.705883,1250.0,1,1250.0,110,1255.0,129,2,2454,2025-06-20
2025-06-20 11:11:28.812225,1250.0,1,1250.0,109,1255.0,129,2,2454,2025-06-20
2025-06-20 11:11:50.959602,1250.0,1,1250.0,108,1255.0,129,2,2454,2025-06-20
2025-06-20 11:11:58.081660,1255.0,1,1250.0,108,1255.0,128,1,2454,2025-06-20
2025-06-20 11:12:31.700058,1250.0,1,1250.0,109,1255.0,128,2,2454,2025-06-20
2025-06-20 11:12:34.492817,1255.0,1,1250.0,114,1255.0,127,1,2454,2025-06-20
2025-06-20 11:12:36.087959,1255.0,2,1250.0,114,1255.0,125,1,2454,2025-06-20
2025-06-20 11:12:39.262349,1255.0,2,1250.0,114,1255.0,121,1,2454,2025-06-20
2025-06-20 11:12:42.503124,1255.0,2,1250.0,114,1255.0,119,1,2454,2025-06-20
2025-06-20 11:12:47.326571,1250.0,1,1250.0,114,1255.0,118,2,2454,2025-06-20
2025-06-20 11:13:22.732133,1250.0,1,1250.0,122,1255.0,115,2,2454,2025-06-20
2025-06-20 11:13:26.554474,1250.0,1,1250.0,121,1255.0,115,2,2454,2025-06-20
2025-06-20 11:13:36.686089,1250.0,1,1250.0,120,1255.0,116,2,2454,2025-06-20
2025-06-20 11:14:09.314672,1250.0,1,1250.0,121,1255.0,116,2,2454,2025-06-20
2025-06-20 11:14:17.086730,1255.0,1,1250.0,121,1255.0,115,1,2454,2025-06-20
2025-06-20 11:14:25.148494,1250.0,1,1250.0,120,1255.0,116,2,2454,2025-06-20
2025-06-20 11:14:41.793504,1250.0,1,1250.0,120,1255.0,116,2,2454,2025-06-20
2025-06-20 11:14:43.771592,1250.0,1,1250.0,119,1255.0,116,2,2454,2025-06-20
2025-06-20 11:14:45.710601,1250.0,1,1250.0,118,1255.0,116,2,2454,2025-06-20
2025-06-20 11:14:48.826626,1250.0,1,1250.0,118,1255.0,116,2,2454,2025-06-20
2025-06-20 11:14:48.903423,1250.0,1,1250.0,117,1255.0,116,2,2454,2025-06-20
2025-06-20 11:15:17.759247,1250.0,1,1250.0,121,1255.0,116,2,2454,2025-06-20
2025-06-20 11:15:24.776533,1250.0,1,1250.0,121,1255.0,115,2,2454,2025-06-20
2025-06-20 11:15:26.388692,1255.0,1,1250.0,121,1255.0,114,1,2454,2025-06-20
2025-06-20 11:15:27.759005,1250.0,1,1250.0,120,1255.0,114,2,2454,2025-06-20
2025-06-20 11:15:45.563959,1250.0,1,1250.0,130,1255.0,114,2,2454,2025-06-20
2025-06-20 11:16:35.863812,1255.0,1,1250.0,135,1255.0,113,1,2454,2025-06-20
2025-06-20 11:16:43.247473,1250.0,1,1250.0,135,1255.0,113,2,2454,2025-06-20
2025-06-20 11:16:58.898770,1250.0,1,1250.0,135,1255.0,113,2,2454,2025-06-20
2025-06-20 11:17:12.783814,1250.0,1,1250.0,135,1255.0,113,2,2454,2025-06-20
2025-06-20 11:17:28.720530,1255.0,1,1250.0,136,1255.0,112,1,2454,2025-06-20
2025-06-20 11:17:28.918312,1250.0,1,1250.0,135,1255.0,112,2,2454,2025-06-20
2025-06-20 11:17:33.483300,1255.0,1,1250.0,135,1255.0,111,1,2454,2025-06-20
2025-06-20 11:17:52.816255,1250.0,1,1250.0,138,1255.0,111,2,2454,2025-06-20
2025-06-20 11:18:02.897757,1250.0,1,1250.0,141,1255.0,111,2,2454,2025-06-20
2025-06-20 11:18:46.208136,1255.0,1,1250.0,146,1255.0,109,1,2454,2025-06-20
2025-06-20 11:18:55.667827,1255.0,1,1250.0,149,1255.0,108,1,2454,2025-06-20
2025-06-20 11:19:03.037841,1250.0,1,1250.0,148,1255.0,108,2,2454,2025-06-20
2025-06-20 11:19:05.078046,1255.0,1,1250.0,148,1255.0,107,1,2454,2025-06-20
2025-06-20 11:19:08.809617,1250.0,1,1250.0,144,1255.0,107,2,2454,2025-06-20
2025-06-20 11:19:09.439836,1250.0,1,1250.0,144,1255.0,107,2,2454,2025-06-20
2025-06-20 11:19:10.019293,1250.0,1,1250.0,144,1255.0,107,2,2454,2025-06-20
2025-06-20 11:19:10.343584,1255.0,1,1250.0,144,1255.0,106,1,2454,2025-06-20
2025-06-20 11:19:24.528732,1255.0,5,1250.0,145,1255.0,100,1,2454,2025-06-20
2025-06-20 11:19:30.113699,1250.0,1,1250.0,186,1255.0,98,2,2454,2025-06-20
2025-06-20 11:19:49.128933,1250.0,1,1250.0,177,1255.0,99,2,2454,2025-06-20
2025-06-20 11:19:58.094098,1250.0,1,1250.0,177,1255.0,99,2,2454,2025-06-20
2025-06-20 11:20:02.122059,1250.0,1,1250.0,176,1255.0,99,2,2454,2025-06-20
2025-06-20 11:20:02.630344,1255.0,2,1250.0,176,1255.0,97,1,2454,2025-06-20
2025-06-20 11:20:05.722539,1255.0,1,1250.0,176,1255.0,96,1,2454,2025-06-20
2025-06-20 11:20:09.428685,1250.0,1,1250.0,175,1255.0,96,2,2454,2025-06-20
2025-06-20 11:20:24.024211,1250.0,1,1250.0,176,1255.0,96,2,2454,2025-06-20
2025-06-20 11:20:34.614820,1255.0,1,1250.0,177,1255.0,95,1,2454,2025-06-20
2025-06-20 11:21:02.434530,1255.0,2,1250.0,176,1255.0,93,1,2454,2025-06-20
2025-06-20 11:21:03.834862,1250.0,1,1250.0,175,1255.0,93,2,2454,2025-06-20
2025-06-20 11:21:14.614887,1255.0,1,1250.0,176,1255.0,98,1,2454,2025-06-20
2025-06-20 11:21:23.818310,1250.0,1,1250.0,179,1255.0,98,2,2454,2025-06-20
2025-06-20 11:21:31.275825,1250.0,1,1250.0,178,1255.0,100,2,2454,2025-06-20
2025-06-20 11:21:44.079099,1250.0,1,1250.0,178,1255.0,99,2,2454,2025-06-20
2025-06-20 11:21:57.613539,1250.0,1,1250.0,179,1255.0,100,2,2454,2025-06-20
2025-06-20 11:22:39.421422,1250.0,1,1250.0,182,1255.0,102,2,2454,2025-06-20
2025-06-20 11:22:58.860172,1250.0,1,1250.0,180,1255.0,105,2,2454,2025-06-20
2025-06-20 11:23:19.691147,1250.0,1,1250.0,180,1255.0,107,2,2454,2025-06-20
2025-06-20 11:23:20.449892,1250.0,1,1250.0,179,1255.0,107,2,2454,2025-06-20
2025-06-20 11:23:29.737101,1250.0,1,1250.0,180,1255.0,107,2,2454,2025-06-20
2025-06-20 11:23:32.479427,1250.0,1,1250.0,179,1255.0,107,2,2454,2025-06-20
2025-06-20 11:23:33.332841,1255.0,1,1250.0,179,1255.0,106,1,2454,2025-06-20
2025-06-20 11:24:21.745069,1250.0,1,1250.0,188,1255.0,105,2,2454,2025-06-20
2025-06-20 11:24:44.949369,1250.0,1,1250.0,188,1255.0,105,2,2454,2025-06-20
2025-06-20 11:24:50.802043,1250.0,1,1250.0,187,1255.0,105,2,2454,2025-06-20
2025-06-20 11:24:53.884212,1250.0,1,1250.0,186,1255.0,105,2,2454,2025-06-20
2025-06-20 11:25:28.485029,1250.0,1,1250.0,188,1255.0,107,2,2454,2025-06-20
2025-06-20 11:25:28.843742,1250.0,1,1250.0,187,1255.0,107,2,2454,2025-06-20
2025-06-20 11:25:31.698862,1255.0,1,1250.0,187,1255.0,106,1,2454,2025-06-20
2025-06-20 11:25:31.714344,1255.0,1,1250.0,186,1255.0,105,1,2454,2025-06-20
2025-06-20 11:25:32.470216,1250.0,1,1250.0,185,1255.0,105,2,2454,2025-06-20
2025-06-20 11:25:51.324029,1250.0,1,1250.0,185,1255.0,105,2,2454,2025-06-20
2025-06-20 11:25:52.301925,1255.0,1,1250.0,185,1255.0,104,1,2454,2025-06-20
2025-06-20 11:26:21.703297,1255.0,1,1250.0,189,1255.0,103,1,2454,2025-06-20
2025-06-20 11:26:49.908123,1250.0,1,1250.0,228,1255.0,104,2,2454,2025-06-20
2025-06-20 11:26:50.131515,1250.0,1,1250.0,227,1255.0,104,2,2454,2025-06-20
2025-06-20 11:26:50.278267,1250.0,1,1250.0,227,1255.0,103,2,2454,2025-06-20
2025-06-20 11:26:52.364492,1255.0,10,1250.0,226,1255.0,93,1,2454,2025-06-20
2025-06-20 11:27:03.738873,1255.0,4,1250.0,228,1255.0,88,1,2454,2025-06-20
2025-06-20 11:27:04.480990,1255.0,6,1250.0,228,1255.0,84,1,2454,2025-06-20
2025-06-20 11:27:08.386603,1255.0,1,1250.0,229,1255.0,82,1,2454,2025-06-20
2025-06-20 11:27:09.523029,1255.0,1,1250.0,229,1255.0,80,1,2454,2025-06-20
2025-06-20 11:27:17.824100,1255.0,4,1250.0,229,1255.0,75,1,2454,2025-06-20
2025-06-20 11:27:18.856024,1255.0,1,1250.0,231,1255.0,74,1,2454,2025-06-20
2025-06-20 11:27:30.742562,1255.0,1,1250.0,203,1255.0,71,1,2454,2025-06-20
2025-06-20 11:27:33.626415,1250.0,1,1250.0,202,1255.0,71,2,2454,2025-06-20
2025-06-20 11:27:34.500214,1255.0,1,1250.0,201,1255.0,70,1,2454,2025-06-20
2025-06-20 11:27:36.712065,1250.0,1,1250.0,201,1255.0,70,2,2454,2025-06-20
2025-06-20 11:27:37.857795,1255.0,2,1250.0,200,1255.0,68,1,2454,2025-06-20
2025-06-20 11:27:39.112625,1250.0,1,1250.0,189,1255.0,68,2,2454,2025-06-20
2025-06-20 11:27:40.410842,1255.0,1,1250.0,179,1255.0,69,1,2454,2025-06-20
2025-06-20 11:27:48.829713,1250.0,1,1250.0,181,1255.0,71,2,2454,2025-06-20
2025-06-20 11:28:02.214598,1255.0,1,1250.0,187,1255.0,68,1,2454,2025-06-20
2025-06-20 11:28:05.854936,1250.0,1,1250.0,188,1255.0,67,2,2454,2025-06-20
2025-06-20 11:28:11.231878,1255.0,1,1250.0,188,1255.0,66,1,2454,2025-06-20
2025-06-20 11:28:18.746037,1250.0,1,1250.0,187,1255.0,67,2,2454,2025-06-20
2025-06-20 11:28:27.879129,1255.0,1,1250.0,188,1255.0,69,1,2454,2025-06-20
2025-06-20 11:28:44.932415,1250.0,1,1250.0,187,1255.0,68,2,2454,2025-06-20
2025-06-20 11:28:54.691591,1255.0,3,1250.0,189,1255.0,65,1,2454,2025-06-20
2025-06-20 11:29:02.895285,1250.0,1,1250.0,188,1255.0,67,2,2454,2025-06-20
2025-06-20 11:29:16.381327,1255.0,3,1250.0,189,1255.0,66,1,2454,2025-06-20
2025-06-20 11:29:24.205707,1255.0,1,1250.0,199,1255.0,64,1,2454,2025-06-20
2025-06-20 11:29:28.272816,1255.0,1,1250.0,214,1255.0,63,1,2454,2025-06-20
2025-06-20 11:29:34.925456,1250.0,1,1250.0,243,1255.0,63,2,2454,2025-06-20
2025-06-20 11:30:13.367063,1255.0,8,1250.0,242,1255.0,53,1,2454,2025-06-20
2025-06-20 11:30:13.403986,1255.0,4,1250.0,242,1255.0,49,1,2454,2025-06-20
2025-06-20 11:30:13.404799,1255.0,3,1250.0,244,1255.0,46,1,2454,2025-06-20
2025-06-20 11:30:13.432611,1255.0,1,1250.0,244,1255.0,45,1,2454,2025-06-20
2025-06-20 11:30:13.435744,1255.0,19,1250.0,247,1255.0,26,1,2454,2025-06-20
2025-06-20 11:30:13.458732,1255.0,1,1250.0,246,1255.0,25,1,2454,2025-06-20
2025-06-20 11:30:13.458880,1255.0,25,1250.0,246,1260.0,194,1,2454,2025-06-20
2025-06-20 11:30:30.003385,1260.0,1,1255.0,14,1260.0,211,1,2454,2025-06-20
2025-06-20 11:30:39.960021,1255.0,1,1255.0,31,1260.0,207,2,2454,2025-06-20
2025-06-20 11:30:49.265706,1255.0,1,1255.0,25,1260.0,209,2,2454,2025-06-20
2025-06-20 11:31:08.978901,1255.0,1,1255.0,9,1260.0,210,2,2454,2025-06-20
2025-06-20 11:31:26.781498,1255.0,1,1255.0,12,1260.0,211,2,2454,2025-06-20
2025-06-20 11:31:36.102864,1255.0,1,1255.0,11,1260.0,211,2,2454,2025-06-20
2025-06-20 11:31:54.040685,1255.0,1,1255.0,16,1260.0,211,2,2454,2025-06-20
2025-06-20 11:32:09.369395,1255.0,1,1255.0,16,1260.0,211,2,2454,2025-06-20
2025-06-20 11:32:34.984805,1255.0,1,1255.0,17,1260.0,211,2,2454,2025-06-20
2025-06-20 11:32:48.702292,1260.0,1,1255.0,17,1260.0,210,1,2454,2025-06-20
2025-06-20 11:33:37.111145,1255.0,1,1255.0,22,1260.0,212,2,2454,2025-06-20
2025-06-20 11:33:53.063457,1260.0,1,1255.0,28,1260.0,212,1,2454,2025-06-20
2025-06-20 11:33:59.144071,1255.0,1,1255.0,27,1260.0,212,2,2454,2025-06-20
2025-06-20 11:34:03.897432,1260.0,2,1255.0,27,1260.0,210,1,2454,2025-06-20
2025-06-20 11:34:31.008640,1255.0,1,1255.0,29,1260.0,209,2,2454,2025-06-20
2025-06-20 11:34:48.900883,1255.0,1,1255.0,30,1260.0,212,2,2454,2025-06-20
2025-06-20 11:35:38.261413,1255.0,1,1255.0,34,1260.0,224,2,2454,2025-06-20
2025-06-20 11:36:09.524270,1255.0,1,1255.0,35,1260.0,221,2,2454,2025-06-20
2025-06-20 11:36:11.295749,1255.0,1,1255.0,32,1260.0,222,2,2454,2025-06-20
2025-06-20 11:36:21.172237,1255.0,1,1255.0,34,1260.0,221,2,2454,2025-06-20
2025-06-20 11:36:26.032881,1255.0,1,1255.0,31,1260.0,221,2,2454,2025-06-20
2025-06-20 11:36:29.589950,1255.0,1,1255.0,30,1260.0,223,2,2454,2025-06-20
2025-06-20 11:36:33.441152,1255.0,1,1255.0,26,1260.0,223,2,2454,2025-06-20
2025-06-20 11:36:44.271126,1255.0,4,1255.0,22,1260.0,223,2,2454,2025-06-20
2025-06-20 11:36:49.383716,1255.0,1,1255.0,20,1260.0,226,2,2454,2025-06-20
2025-06-20 11:36:55.807871,1255.0,1,1255.0,18,1260.0,225,2,2454,2025-06-20
2025-06-20 11:37:39.467103,1255.0,1,1255.0,18,1260.0,228,2,2454,2025-06-20
2025-06-20 11:37:47.575032,1255.0,1,1255.0,17,1260.0,228,2,2454,2025-06-20
2025-06-20 11:38:10.815610,1255.0,1,1255.0,16,1260.0,230,2,2454,2025-06-20
2025-06-20 11:38:21.057387,1255.0,1,1255.0,15,1260.0,230,2,2454,2025-06-20
2025-06-20 11:38:26.575727,1260.0,2,1255.0,15,1260.0,230,1,2454,2025-06-20
2025-06-20 11:38:32.582388,1255.0,1,1255.0,15,1260.0,230,2,2454,2025-06-20
2025-06-20 11:38:33.736660,1255.0,1,1255.0,14,1260.0,229,2,2454,2025-06-20
2025-06-20 11:39:39.424551,1255.0,1,1255.0,26,1260.0,237,2,2454,2025-06-20
2025-06-20 11:39:40.419350,1255.0,1,1255.0,25,1260.0,237,2,2454,2025-06-20
2025-06-20 11:40:02.207961,1260.0,1,1255.0,28,1260.0,234,1,2454,2025-06-20
2025-06-20 11:40:16.080224,1255.0,1,1255.0,29,1260.0,234,2,2454,2025-06-20
2025-06-20 11:40:27.502176,1255.0,1,1255.0,29,1260.0,235,2,2454,2025-06-20
2025-06-20 11:40:48.731652,1255.0,1,1255.0,33,1260.0,236,2,2454,2025-06-20
2025-06-20 11:40:50.553623,1260.0,1,1255.0,34,1260.0,235,1,2454,2025-06-20
2025-06-20 11:41:28.810695,1255.0,1,1255.0,34,1260.0,241,2,2454,2025-06-20
2025-06-20 11:41:32.952878,1255.0,1,1255.0,33,1260.0,241,2,2454,2025-06-20
2025-06-20 11:41:40.605012,1255.0,1,1255.0,32,1260.0,243,2,2454,2025-06-20
2025-06-20 11:42:12.102983,1255.0,1,1255.0,30,1260.0,246,2,2454,2025-06-20
2025-06-20 11:42:16.873434,1260.0,1,1255.0,31,1260.0,245,1,2454,2025-06-20
2025-06-20 11:42:28.785598,1255.0,1,1255.0,31,1260.0,245,2,2454,2025-06-20
2025-06-20 11:42:44.529518,1260.0,1,1255.0,30,1260.0,244,1,2454,2025-06-20
2025-06-20 11:42:55.591270,1260.0,2,1255.0,31,1260.0,245,1,2454,2025-06-20
2025-06-20 11:43:39.973080,1255.0,1,1255.0,31,1260.0,252,2,2454,2025-06-20
2025-06-20 11:43:41.810061,1255.0,1,1255.0,30,1260.0,252,2,2454,2025-06-20
2025-06-20 11:44:07.128668,1255.0,1,1255.0,34,1260.0,253,2,2454,2025-06-20
2025-06-20 11:44:27.407273,1260.0,1,1255.0,35,1260.0,255,1,2454,2025-06-20
2025-06-20 11:44:44.716292,1255.0,1,1255.0,40,1260.0,255,2,2454,2025-06-20
2025-06-20 11:44:54.856930,1255.0,1,1255.0,39,1260.0,254,2,2454,2025-06-20
2025-06-20 11:45:09.280320,1255.0,1,1255.0,38,1260.0,255,2,2454,2025-06-20
2025-06-20 11:45:18.994681,1255.0,1,1255.0,37,1260.0,256,2,2454,2025-06-20
2025-06-20 11:45:42.972938,1255.0,1,1255.0,41,1260.0,256,2,2454,2025-06-20
2025-06-20 11:45:47.133055,1255.0,1,1255.0,41,1260.0,256,2,2454,2025-06-20
2025-06-20 11:45:47.516254,1255.0,1,1255.0,40,1260.0,256,2,2454,2025-06-20
2025-06-20 11:46:02.147457,1255.0,1,1255.0,39,1260.0,256,2,2454,2025-06-20
2025-06-20 11:46:27.929958,1260.0,1,1255.0,40,1260.0,259,1,2454,2025-06-20
2025-06-20 11:46:49.397846,1255.0,1,1255.0,43,1260.0,259,2,2454,2025-06-20
2025-06-20 11:46:49.496236,1260.0,1,1255.0,42,1260.0,258,1,2454,2025-06-20
2025-06-20 11:47:39.765741,1255.0,1,1255.0,47,1260.0,261,2,2454,2025-06-20
2025-06-20 11:47:42.529930,1255.0,1,1255.0,46,1260.0,261,2,2454,2025-06-20
2025-06-20 11:47:43.968441,1255.0,1,1255.0,45,1260.0,261,2,2454,2025-06-20
2025-06-20 11:47:57.168802,1255.0,1,1255.0,44,1260.0,261,2,2454,2025-06-20
2025-06-20 11:48:09.079703,1255.0,1,1255.0,43,1260.0,261,2,2454,2025-06-20
2025-06-20 11:48:16.985028,1255.0,1,1255.0,42,1260.0,261,2,2454,2025-06-20
2025-06-20 11:49:01.020852,1255.0,1,1255.0,42,1260.0,262,2,2454,2025-06-20
2025-06-20 11:49:02.112761,1255.0,1,1255.0,41,1260.0,262,2,2454,2025-06-20
2025-06-20 11:49:29.251757,1255.0,1,1255.0,42,1260.0,265,2,2454,2025-06-20
2025-06-20 11:49:45.229640,1255.0,1,1255.0,41,1260.0,266,2,2454,2025-06-20
2025-06-20 11:49:53.197320,1255.0,1,1255.0,41,1260.0,266,2,2454,2025-06-20
2025-06-20 11:50:13.132000,1255.0,1,1255.0,40,1260.0,267,2,2454,2025-06-20
2025-06-20 11:50:40.208238,1260.0,1,1255.0,42,1260.0,266,1,2454,2025-06-20
2025-06-20 11:50:58.051416,1255.0,1,1255.0,41,1260.0,282,2,2454,2025-06-20
2025-06-20 11:50:59.160193,1255.0,1,1255.0,40,1260.0,282,2,2454,2025-06-20
2025-06-20 11:51:20.610584,1255.0,1,1255.0,40,1260.0,282,2,2454,2025-06-20
2025-06-20 11:51:29.021250,1255.0,1,1255.0,42,1260.0,283,2,2454,2025-06-20
2025-06-20 11:51:38.905180,1255.0,1,1255.0,44,1260.0,283,2,2454,2025-06-20
2025-06-20 11:51:46.225558,1255.0,1,1255.0,46,1260.0,283,2,2454,2025-06-20
2025-06-20 11:51:48.217669,1255.0,1,1255.0,43,1260.0,285,2,2454,2025-06-20
2025-06-20 11:52:09.694494,1255.0,1,1255.0,49,1260.0,288,2,2454,2025-06-20
2025-06-20 11:52:13.782459,1255.0,1,1255.0,48,1260.0,288,2,2454,2025-06-20
2025-06-20 11:52:19.884835,1255.0,1,1255.0,47,1260.0,288,2,2454,2025-06-20
2025-06-20 11:52:26.584707,1255.0,1,1255.0,42,1260.0,288,2,2454,2025-06-20
2025-06-20 11:52:48.089158,1255.0,1,1255.0,43,1260.0,288,2,2454,2025-06-20
2025-06-20 11:53:17.421051,1260.0,2,1255.0,38,1260.0,286,1,2454,2025-06-20
2025-06-20 11:53:19.307888,1255.0,1,1255.0,37,1260.0,286,2,2454,2025-06-20
2025-06-20 11:53:19.780358,1260.0,2,1255.0,37,1260.0,284,1,2454,2025-06-20
2025-06-20 11:53:43.241035,1255.0,1,1255.0,42,1260.0,283,2,2454,2025-06-20
2025-06-20 11:53:47.440276,1255.0,1,1255.0,41,1260.0,283,2,2454,2025-06-20
2025-06-20 11:53:49.448602,1255.0,1,1255.0,40,1260.0,283,2,2454,2025-06-20
2025-06-20 11:53:49.752069,1255.0,1,1255.0,39,1260.0,283,2,2454,2025-06-20
2025-06-20 11:54:07.368387,1255.0,1,1255.0,40,1260.0,284,2,2454,2025-06-20
2025-06-20 11:55:00.825273,1255.0,1,1255.0,73,1260.0,284,2,2454,2025-06-20
2025-06-20 11:55:26.671561,1255.0,1,1255.0,82,1260.0,284,2,2454,2025-06-20
2025-06-20 11:55:29.698279,1255.0,1,1255.0,81,1260.0,283,2,2454,2025-06-20
2025-06-20 11:55:29.773239,1255.0,1,1255.0,80,1260.0,282,2,2454,2025-06-20
2025-06-20 11:55:38.266630,1255.0,1,1255.0,81,1260.0,281,2,2454,2025-06-20
2025-06-20 11:55:47.572829,1255.0,1,1255.0,84,1260.0,281,2,2454,2025-06-20
2025-06-20 11:56:25.020899,1255.0,1,1255.0,86,1260.0,280,2,2454,2025-06-20
2025-06-20 11:56:38.690242,1255.0,1,1255.0,85,1260.0,281,2,2454,2025-06-20
2025-06-20 11:56:45.791918,1255.0,1,1255.0,82,1260.0,280,2,2454,2025-06-20
2025-06-20 11:57:18.680516,1255.0,1,1255.0,85,1260.0,280,2,2454,2025-06-20
2025-06-20 11:57:27.241954,1255.0,1,1255.0,85,1260.0,280,2,2454,2025-06-20
2025-06-20 11:57:28.802158,1255.0,1,1255.0,84,1260.0,280,2,2454,2025-06-20
2025-06-20 11:57:33.288650,1255.0,1,1255.0,88,1260.0,280,2,2454,2025-06-20
2025-06-20 11:57:35.562808,1255.0,1,1255.0,87,1260.0,280,2,2454,2025-06-20
2025-06-20 11:57:48.580680,1255.0,1,1255.0,86,1260.0,280,2,2454,2025-06-20
2025-06-20 11:57:55.561621,1260.0,2,1255.0,86,1260.0,279,1,2454,2025-06-20
2025-06-20 11:58:08.799225,1255.0,1,1255.0,87,1260.0,277,2,2454,2025-06-20
2025-06-20 11:58:17.096591,1255.0,1,1255.0,86,1260.0,277,2,2454,2025-06-20
2025-06-20 11:58:22.969164,1255.0,1,1255.0,87,1260.0,277,2,2454,2025-06-20
2025-06-20 11:58:28.968957,1255.0,1,1255.0,87,1260.0,277,2,2454,2025-06-20
2025-06-20 11:58:29.102984,1255.0,1,1255.0,86,1260.0,276,2,2454,2025-06-20
2025-06-20 11:59:28.752312,1255.0,1,1255.0,88,1260.0,277,2,2454,2025-06-20
2025-06-20 11:59:28.941862,1255.0,1,1255.0,87,1260.0,277,2,2454,2025-06-20
2025-06-20 11:59:29.308527,1255.0,1,1255.0,86,1260.0,277,2,2454,2025-06-20
2025-06-20 11:59:49.730857,1255.0,1,1255.0,88,1260.0,278,2,2454,2025-06-20
2025-06-20 11:59:59.695227,1255.0,1,1255.0,87,1260.0,278,2,2454,2025-06-20
2025-06-20 12:00:31.130980,1260.0,1,1255.0,87,1260.0,279,1,2454,2025-06-20
2025-06-20 12:00:33.798985,1255.0,1,1255.0,86,1260.0,279,2,2454,2025-06-20
2025-06-20 12:01:18.208515,1260.0,1,1255.0,88,1260.0,278,1,2454,2025-06-20
2025-06-20 12:01:24.328235,1255.0,1,1255.0,87,1260.0,278,2,2454,2025-06-20
2025-06-20 12:01:26.723175,1260.0,2,1255.0,90,1260.0,276,1,2454,2025-06-20
2025-06-20 12:01:37.991047,1255.0,1,1255.0,89,1260.0,276,2,2454,2025-06-20
2025-06-20 12:01:44.898384,1255.0,1,1255.0,88,1260.0,277,2,2454,2025-06-20
2025-06-20 12:01:45.878674,1260.0,2,1255.0,88,1260.0,275,1,2454,2025-06-20
2025-06-20 12:01:50.935156,1255.0,1,1255.0,87,1260.0,275,2,2454,2025-06-20
2025-06-20 12:01:52.919225,1255.0,1,1255.0,86,1260.0,275,2,2454,2025-06-20
2025-06-20 12:02:03.382534,1260.0,1,1255.0,88,1260.0,274,1,2454,2025-06-20
2025-06-20 12:02:18.935213,1255.0,1,1255.0,87,1260.0,274,2,2454,2025-06-20
2025-06-20 12:02:29.289909,1255.0,1,1255.0,87,1260.0,275,2,2454,2025-06-20
2025-06-20 12:02:38.064042,1255.0,1,1255.0,87,1260.0,275,2,2454,2025-06-20
2025-06-20 12:02:41.179930,1255.0,1,1255.0,87,1260.0,275,2,2454,2025-06-20
2025-06-20 12:02:49.210366,1255.0,1,1255.0,86,1260.0,275,2,2454,2025-06-20
2025-06-20 12:03:12.958418,1255.0,1,1255.0,90,1260.0,248,2,2454,2025-06-20
2025-06-20 12:03:19.348261,1255.0,1,1255.0,92,1260.0,248,2,2454,2025-06-20
2025-06-20 12:03:50.021096,1255.0,1,1255.0,93,1260.0,249,2,2454,2025-06-20
2025-06-20 12:03:50.947751,1255.0,1,1255.0,92,1260.0,248,2,2454,2025-06-20
2025-06-20 12:03:51.931731,1255.0,1,1255.0,91,1260.0,248,2,2454,2025-06-20
2025-06-20 12:04:53.530388,1255.0,1,1255.0,87,1260.0,249,2,2454,2025-06-20
2025-06-20 12:05:00.799604,1260.0,1,1255.0,88,1260.0,248,1,2454,2025-06-20
2025-06-20 12:05:06.918310,1255.0,1,1255.0,85,1260.0,248,2,2454,2025-06-20
2025-06-20 12:05:08.996855,1255.0,1,1255.0,84,1260.0,248,2,2454,2025-06-20
2025-06-20 12:05:14.367554,1255.0,1,1255.0,83,1260.0,249,2,2454,2025-06-20
2025-06-20 12:05:36.004192,1255.0,1,1255.0,83,1260.0,249,2,2454,2025-06-20
2025-06-20 12:05:53.093736,1255.0,1,1255.0,82,1260.0,249,2,2454,2025-06-20
2025-06-20 12:05:57.938090,1255.0,1,1255.0,81,1260.0,249,2,2454,2025-06-20
2025-06-20 12:06:00.019304,1255.0,1,1255.0,80,1260.0,249,2,2454,2025-06-20
2025-06-20 12:06:08.234923,1260.0,1,1255.0,80,1260.0,248,1,2454,2025-06-20
2025-06-20 12:06:10.079477,1255.0,1,1255.0,79,1260.0,248,2,2454,2025-06-20
2025-06-20 12:06:10.477511,1260.0,1,1255.0,79,1260.0,247,1,2454,2025-06-20
2025-06-20 12:06:39.737768,1260.0,19,1255.0,86,1260.0,229,1,2454,2025-06-20
2025-06-20 12:06:39.808415,1260.0,1,1255.0,88,1260.0,226,1,2454,2025-06-20
2025-06-20 12:06:49.278602,1255.0,1,1255.0,91,1260.0,229,2,2454,2025-06-20
2025-06-20 12:07:10.387549,1255.0,1,1255.0,91,1260.0,229,2,2454,2025-06-20
2025-06-20 12:07:11.020550,1255.0,1,1255.0,90,1260.0,229,2,2454,2025-06-20
2025-06-20 12:07:20.266047,1260.0,1,1255.0,90,1260.0,228,1,2454,2025-06-20
2025-06-20 12:07:54.299952,1255.0,1,1255.0,93,1260.0,229,2,2454,2025-06-20
2025-06-20 12:07:59.252411,1255.0,1,1255.0,92,1260.0,229,2,2454,2025-06-20
2025-06-20 12:08:09.541495,1255.0,1,1255.0,93,1260.0,229,2,2454,2025-06-20
2025-06-20 12:08:16.434827,1255.0,1,1255.0,87,1260.0,229,2,2454,2025-06-20
2025-06-20 12:08:21.424099,1260.0,1,1255.0,87,1260.0,228,1,2454,2025-06-20
2025-06-20 12:08:28.846572,1255.0,1,1255.0,86,1260.0,229,2,2454,2025-06-20
2025-06-20 12:08:30.023426,1260.0,1,1255.0,86,1260.0,228,1,2454,2025-06-20
2025-06-20 12:08:39.622716,1260.0,1,1255.0,85,1260.0,227,1,2454,2025-06-20
2025-06-20 12:09:05.405174,1255.0,1,1255.0,95,1260.0,217,2,2454,2025-06-20
2025-06-20 12:09:22.577258,1255.0,1,1255.0,92,1260.0,217,2,2454,2025-06-20
2025-06-20 12:09:25.077610,1255.0,1,1255.0,92,1260.0,217,2,2454,2025-06-20
2025-06-20 12:09:39.735878,1260.0,1,1255.0,87,1260.0,216,1,2454,2025-06-20
2025-06-20 12:09:55.254083,1255.0,1,1255.0,92,1260.0,216,2,2454,2025-06-20
2025-06-20 12:10:27.254752,1255.0,1,1255.0,95,1260.0,217,2,2454,2025-06-20
2025-06-20 12:10:40.444397,1255.0,1,1255.0,91,1260.0,217,2,2454,2025-06-20
2025-06-20 12:10:49.343939,1255.0,1,1255.0,84,1260.0,217,2,2454,2025-06-20
2025-06-20 12:10:49.480882,1260.0,1,1255.0,84,1260.0,216,1,2454,2025-06-20
2025-06-20 12:11:00.423219,1255.0,1,1255.0,83,1260.0,216,2,2454,2025-06-20
2025-06-20 12:11:09.753187,1255.0,1,1255.0,82,1260.0,215,2,2454,2025-06-20
2025-06-20 12:11:09.825926,1255.0,1,1255.0,81,1260.0,215,2,2454,2025-06-20
2025-06-20 12:11:10.720480,1255.0,1,1255.0,79,1260.0,214,2,2454,2025-06-20
2025-06-20 12:11:50.936107,1255.0,1,1255.0,80,1260.0,215,2,2454,2025-06-20
2025-06-20 12:11:56.458302,1255.0,1,1255.0,80,1260.0,216,2,2454,2025-06-20
2025-06-20 12:11:57.205388,1260.0,1,1255.0,80,1260.0,215,1,2454,2025-06-20
2025-06-20 12:11:59.180083,1260.0,1,1255.0,81,1260.0,214,1,2454,2025-06-20
2025-06-20 12:12:10.573860,1255.0,1,1255.0,90,1260.0,214,2,2454,2025-06-20
2025-06-20 12:12:18.197505,1260.0,1,1255.0,92,1260.0,213,1,2454,2025-06-20
2025-06-20 12:12:25.907066,1260.0,1,1255.0,96,1260.0,212,1,2454,2025-06-20
2025-06-20 12:12:25.908091,1260.0,1,1255.0,95,1260.0,211,1,2454,2025-06-20
2025-06-20 12:12:54.087713,1255.0,1,1255.0,101,1260.0,212,2,2454,2025-06-20
2025-06-20 12:12:55.442045,1255.0,1,1255.0,101,1260.0,211,2,2454,2025-06-20
2025-06-20 12:13:08.799964,1260.0,1,1255.0,109,1260.0,210,1,2454,2025-06-20
2025-06-20 12:13:29.549960,1255.0,1,1255.0,115,1260.0,210,2,2454,2025-06-20
2025-06-20 12:13:39.460594,1255.0,1,1255.0,119,1260.0,213,2,2454,2025-06-20
2025-06-20 12:13:40.804267,1255.0,1,1255.0,118,1260.0,213,2,2454,2025-06-20
2025-06-20 12:13:57.458149,1255.0,1,1255.0,139,1260.0,212,2,2454,2025-06-20
2025-06-20 12:14:18.490206,1260.0,1,1255.0,136,1260.0,211,1,2454,2025-06-20
2025-06-20 12:14:43.391469,1255.0,25,1255.0,111,1260.0,211,2,2454,2025-06-20
2025-06-20 12:14:44.383181,1255.0,1,1255.0,104,1260.0,211,2,2454,2025-06-20
2025-06-20 12:14:51.460118,1255.0,1,1255.0,103,1260.0,211,2,2454,2025-06-20
2025-06-20 12:14:52.638150,1260.0,1,1255.0,103,1260.0,210,1,2454,2025-06-20
2025-06-20 12:15:12.850962,1255.0,1,1255.0,102,1260.0,212,2,2454,2025-06-20
2025-06-20 12:15:13.948794,1255.0,1,1255.0,101,1260.0,212,2,2454,2025-06-20
2025-06-20 12:15:28.107769,1260.0,1,1255.0,105,1260.0,212,1,2454,2025-06-20
2025-06-20 12:15:29.831632,1255.0,1,1255.0,104,1260.0,212,2,2454,2025-06-20
2025-06-20 12:15:58.409017,1255.0,1,1255.0,108,1260.0,213,2,2454,2025-06-20
2025-06-20 12:16:29.470532,1255.0,1,1255.0,107,1260.0,214,2,2454,2025-06-20
2025-06-20 12:16:31.681885,1255.0,1,1255.0,106,1260.0,214,2,2454,2025-06-20
2025-06-20 12:16:37.801761,1260.0,1,1255.0,106,1260.0,213,1,2454,2025-06-20
2025-06-20 12:16:46.477684,1255.0,1,1255.0,105,1260.0,213,2,2454,2025-06-20
2025-06-20 12:17:09.115369,1255.0,1,1255.0,105,1260.0,215,2,2454,2025-06-20
2025-06-20 12:17:12.763218,1255.0,1,1255.0,104,1260.0,214,2,2454,2025-06-20
2025-06-20 12:17:39.238194,1255.0,1,1255.0,105,1260.0,216,2,2454,2025-06-20
2025-06-20 12:17:47.485319,1260.0,1,1255.0,105,1260.0,215,1,2454,2025-06-20
2025-06-20 12:17:58.594732,1255.0,1,1255.0,108,1260.0,215,2,2454,2025-06-20
2025-06-20 12:18:35.009547,1255.0,1,1255.0,111,1260.0,217,2,2454,2025-06-20
2025-06-20 12:18:41.494158,1255.0,1,1255.0,111,1260.0,217,2,2454,2025-06-20
2025-06-20 12:18:48.752857,1255.0,1,1255.0,110,1260.0,217,2,2454,2025-06-20
2025-06-20 12:18:56.011862,1255.0,1,1255.0,110,1260.0,217,2,2454,2025-06-20
2025-06-20 12:18:57.212381,1260.0,1,1255.0,110,1260.0,216,1,2454,2025-06-20
2025-06-20 12:19:00.560625,1255.0,1,1255.0,109,1260.0,216,2,2454,2025-06-20
2025-06-20 12:19:18.507247,1255.0,1,1255.0,106,1260.0,217,2,2454,2025-06-20
2025-06-20 12:19:48.830176,1255.0,1,1255.0,105,1260.0,220,2,2454,2025-06-20
2025-06-20 12:19:59.603417,1255.0,1,1255.0,100,1260.0,220,2,2454,2025-06-20
2025-06-20 12:20:06.913967,1260.0,1,1255.0,100,1260.0,219,1,2454,2025-06-20
2025-06-20 12:20:08.774517,1255.0,1,1255.0,99,1260.0,219,2,2454,2025-06-20
2025-06-20 12:20:13.052994,1255.0,1,1255.0,98,1260.0,219,2,2454,2025-06-20
2025-06-20 12:20:36.511408,1255.0,1,1255.0,97,1260.0,220,2,2454,2025-06-20
2025-06-20 12:21:16.578428,1260.0,1,1255.0,103,1260.0,221,1,2454,2025-06-20
2025-06-20 12:21:18.276795,1255.0,1,1255.0,102,1260.0,221,2,2454,2025-06-20
2025-06-20 12:21:23.020257,1255.0,1,1255.0,101,1260.0,221,2,2454,2025-06-20
2025-06-20 12:21:27.225660,1260.0,12,1255.0,101,1260.0,209,1,2454,2025-06-20
2025-06-20 12:21:49.242197,1260.0,1,1255.0,109,1260.0,209,1,2454,2025-06-20
2025-06-20 12:21:49.243401,1260.0,1,1255.0,108,1260.0,208,1,2454,2025-06-20
2025-06-20 12:21:56.943171,1255.0,1,1255.0,108,1260.0,208,2,2454,2025-06-20
2025-06-20 12:22:00.761831,1255.0,1,1255.0,107,1260.0,208,2,2454,2025-06-20
2025-06-20 12:22:08.881866,1255.0,1,1255.0,106,1260.0,209,2,2454,2025-06-20
2025-06-20 12:22:11.076990,1255.0,1,1255.0,105,1260.0,209,2,2454,2025-06-20
2025-06-20 12:22:26.308923,1260.0,1,1255.0,104,1260.0,208,1,2454,2025-06-20
2025-06-20 12:22:30.018459,1255.0,1,1255.0,103,1260.0,208,2,2454,2025-06-20
2025-06-20 12:22:32.528543,1255.0,1,1255.0,102,1260.0,208,2,2454,2025-06-20
2025-06-20 12:22:35.206223,1260.0,1,1255.0,102,1260.0,207,1,2454,2025-06-20
2025-06-20 12:22:35.557941,1255.0,1,1255.0,101,1260.0,207,2,2454,2025-06-20
2025-06-20 12:23:07.151982,1260.0,1,1255.0,110,1260.0,206,1,2454,2025-06-20
2025-06-20 12:23:17.674097,1255.0,1,1255.0,109,1260.0,206,2,2454,2025-06-20
2025-06-20 12:23:36.009761,1260.0,1,1255.0,109,1260.0,205,1,2454,2025-06-20
2025-06-20 12:23:40.875961,1255.0,1,1255.0,110,1260.0,206,2,2454,2025-06-20
2025-06-20 12:24:01.761362,1255.0,1,1255.0,110,1260.0,206,2,2454,2025-06-20
2025-06-20 12:24:08.981986,1255.0,1,1255.0,109,1260.0,206,2,2454,2025-06-20
2025-06-20 12:24:09.134922,1255.0,1,1255.0,108,1260.0,206,2,2454,2025-06-20
2025-06-20 12:24:27.545114,1255.0,1,1255.0,110,1260.0,206,2,2454,2025-06-20
2025-06-20 12:24:31.499462,1255.0,1,1255.0,109,1260.0,206,2,2454,2025-06-20
2025-06-20 12:24:36.317267,1255.0,1,1255.0,108,1260.0,207,2,2454,2025-06-20
2025-06-20 12:24:45.742299,1260.0,1,1255.0,106,1260.0,206,1,2454,2025-06-20
2025-06-20 12:24:51.386874,1255.0,1,1255.0,105,1260.0,206,2,2454,2025-06-20
2025-06-20 12:24:58.851838,1255.0,1,1255.0,103,1260.0,206,2,2454,2025-06-20
2025-06-20 12:25:19.037437,1255.0,1,1255.0,104,1260.0,206,2,2454,2025-06-20
2025-06-20 12:25:30.131100,1255.0,1,1255.0,107,1260.0,207,2,2454,2025-06-20
2025-06-20 12:25:32.563994,1260.0,1,1255.0,107,1260.0,207,1,2454,2025-06-20
2025-06-20 12:25:55.408011,1260.0,1,1255.0,111,1260.0,206,1,2454,2025-06-20
2025-06-20 12:26:03.014506,1255.0,1,1255.0,110,1260.0,208,2,2454,2025-06-20
2025-06-20 12:26:03.092116,1260.0,1,1255.0,110,1260.0,207,1,2454,2025-06-20
2025-06-20 12:26:12.494320,1255.0,1,1255.0,110,1260.0,208,2,2454,2025-06-20
2025-06-20 12:26:22.561702,1255.0,1,1255.0,109,1260.0,208,2,2454,2025-06-20
2025-06-20 12:27:05.086779,1260.0,1,1255.0,108,1260.0,204,1,2454,2025-06-20
2025-06-20 12:27:17.948099,1255.0,1,1255.0,107,1260.0,205,2,2454,2025-06-20
2025-06-20 12:27:21.300379,1255.0,1,1255.0,106,1260.0,205,2,2454,2025-06-20
2025-06-20 12:27:26.256699,1255.0,1,1255.0,105,1260.0,203,2,2454,2025-06-20
2025-06-20 12:27:32.071503,1255.0,1,1255.0,104,1260.0,203,2,2454,2025-06-20
2025-06-20 12:27:34.893202,1255.0,1,1255.0,103,1260.0,203,2,2454,2025-06-20
2025-06-20 12:27:39.168691,1255.0,1,1255.0,102,1260.0,203,2,2454,2025-06-20
2025-06-20 12:27:49.005498,1255.0,1,1255.0,101,1260.0,203,2,2454,2025-06-20
2025-06-20 12:27:51.792530,1255.0,1,1255.0,100,1260.0,202,2,2454,2025-06-20
2025-06-20 12:28:03.910085,1255.0,1,1255.0,99,1260.0,202,2,2454,2025-06-20
2025-06-20 12:28:14.782344,1260.0,1,1255.0,99,1260.0,204,1,2454,2025-06-20
2025-06-20 12:28:17.576611,1255.0,1,1255.0,98,1260.0,204,2,2454,2025-06-20
2025-06-20 12:28:21.849261,1260.0,1,1255.0,98,1260.0,203,1,2454,2025-06-20
2025-06-20 12:28:29.129203,1255.0,1,1255.0,99,1260.0,203,2,2454,2025-06-20
2025-06-20 12:28:40.953882,1255.0,1,1255.0,94,1260.0,203,2,2454,2025-06-20
2025-06-20 12:28:51.355071,1255.0,1,1255.0,93,1260.0,203,2,2454,2025-06-20
2025-06-20 12:29:08.054890,1255.0,1,1255.0,93,1260.0,204,2,2454,2025-06-20
2025-06-20 12:29:24.577075,1260.0,1,1255.0,93,1260.0,225,1,2454,2025-06-20
2025-06-20 12:29:29.304928,1255.0,1,1255.0,92,1260.0,225,2,2454,2025-06-20
2025-06-20 12:29:40.526138,1255.0,1,1255.0,70,1260.0,225,2,2454,2025-06-20
2025-06-20 12:30:05.017227,1255.0,1,1255.0,69,1260.0,225,2,2454,2025-06-20
2025-06-20 12:30:13.592240,1255.0,1,1255.0,68,1260.0,226,2,2454,2025-06-20
2025-06-20 12:30:34.329012,1260.0,1,1255.0,69,1260.0,206,1,2454,2025-06-20
2025-06-20 12:30:39.042435,1255.0,1,1255.0,78,1260.0,207,2,2454,2025-06-20
2025-06-20 12:30:53.020474,1255.0,1,1255.0,67,1260.0,220,2,2454,2025-06-20
2025-06-20 12:31:13.474638,1255.0,2,1255.0,63,1260.0,221,2,2454,2025-06-20
2025-06-20 12:31:30.457241,1255.0,1,1255.0,62,1260.0,222,2,2454,2025-06-20
2025-06-20 12:31:43.946777,1260.0,1,1255.0,64,1260.0,223,1,2454,2025-06-20
2025-06-20 12:31:46.502980,1255.0,2,1255.0,71,1260.0,223,2,2454,2025-06-20
2025-06-20 12:31:52.119259,1255.0,1,1255.0,70,1260.0,224,2,2454,2025-06-20
2025-06-20 12:32:02.887785,1255.0,1,1255.0,67,1260.0,229,2,2454,2025-06-20
2025-06-20 12:32:06.168733,1255.0,1,1255.0,59,1260.0,229,2,2454,2025-06-20
2025-06-20 12:32:08.608364,1255.0,1,1255.0,58,1260.0,229,2,2454,2025-06-20
2025-06-20 12:32:15.724341,1255.0,1,1255.0,57,1260.0,231,2,2454,2025-06-20
2025-06-20 12:32:27.978519,1255.0,1,1255.0,56,1260.0,231,2,2454,2025-06-20
2025-06-20 12:32:29.020134,1255.0,1,1255.0,55,1260.0,231,2,2454,2025-06-20
2025-06-20 12:32:49.643089,1255.0,1,1255.0,54,1260.0,231,2,2454,2025-06-20
2025-06-20 12:32:53.765933,1260.0,1,1255.0,55,1260.0,231,1,2454,2025-06-20
2025-06-20 12:32:53.837461,1260.0,1,1255.0,55,1260.0,230,1,2454,2025-06-20
2025-06-20 12:33:00.526556,1260.0,5,1255.0,55,1260.0,225,1,2454,2025-06-20
2025-06-20 12:33:03.149822,1255.0,1,1255.0,65,1260.0,226,2,2454,2025-06-20
2025-06-20 12:33:03.413926,1260.0,5,1255.0,65,1260.0,221,1,2454,2025-06-20
2025-06-20 12:33:13.205580,1260.0,1,1255.0,67,1260.0,224,1,2454,2025-06-20
2025-06-20 12:33:21.693936,1255.0,1,1255.0,69,1260.0,224,2,2454,2025-06-20
2025-06-20 12:33:22.960230,1255.0,1,1255.0,68,1260.0,224,2,2454,2025-06-20
2025-06-20 12:33:29.193828,1255.0,1,1255.0,66,1260.0,225,2,2454,2025-06-20
2025-06-20 12:34:03.511701,1260.0,1,1255.0,68,1260.0,223,1,2454,2025-06-20
2025-06-20 12:34:03.533954,1255.0,2,1255.0,66,1260.0,223,2,2454,2025-06-20
2025-06-20 12:34:03.592512,1260.0,2,1255.0,66,1260.0,221,1,2454,2025-06-20
2025-06-20 12:34:03.622455,1255.0,1,1255.0,65,1260.0,221,2,2454,2025-06-20
2025-06-20 12:34:07.176965,1255.0,1,1255.0,64,1260.0,221,2,2454,2025-06-20
2025-06-20 12:34:36.251445,1255.0,2,1255.0,67,1260.0,221,2,2454,2025-06-20
2025-06-20 12:34:36.592441,1255.0,1,1255.0,66,1260.0,221,2,2454,2025-06-20
2025-06-20 12:34:49.478759,1255.0,1,1255.0,65,1260.0,221,2,2454,2025-06-20
2025-06-20 12:34:50.151945,1255.0,1,1255.0,64,1260.0,221,2,2454,2025-06-20
2025-06-20 12:35:03.020757,1255.0,1,1255.0,67,1260.0,221,2,2454,2025-06-20
2025-06-20 12:35:13.391259,1260.0,1,1255.0,66,1260.0,221,1,2454,2025-06-20
2025-06-20 12:35:25.004464,1255.0,1,1255.0,66,1260.0,221,2,2454,2025-06-20
2025-06-20 12:35:29.897393,1260.0,2,1255.0,72,1260.0,219,1,2454,2025-06-20
2025-06-20 12:35:31.873550,1260.0,1,1255.0,72,1260.0,218,1,2454,2025-06-20
2025-06-20 12:35:32.843407,1260.0,1,1255.0,74,1260.0,217,1,2454,2025-06-20
2025-06-20 12:35:58.636942,1255.0,1,1255.0,79,1260.0,219,2,2454,2025-06-20
2025-06-20 12:36:08.129306,1255.0,1,1255.0,78,1260.0,219,2,2454,2025-06-20
2025-06-20 12:36:08.185428,1260.0,1,1255.0,77,1260.0,218,1,2454,2025-06-20
2025-06-20 12:36:08.270785,1260.0,1,1255.0,77,1260.0,217,1,2454,2025-06-20
2025-06-20 12:36:09.378071,1255.0,1,1255.0,76,1260.0,217,2,2454,2025-06-20
2025-06-20 12:36:11.152326,1260.0,18,1255.0,76,1260.0,199,1,2454,2025-06-20
2025-06-20 12:36:19.155535,1255.0,1,1255.0,77,1260.0,204,2,2454,2025-06-20
2025-06-20 12:36:22.096402,1255.0,1,1255.0,76,1260.0,199,2,2454,2025-06-20
2025-06-20 12:36:23.175978,1260.0,1,1255.0,76,1260.0,195,1,2454,2025-06-20
2025-06-20 12:36:48.419434,1260.0,1,1255.0,85,1260.0,195,1,2454,2025-06-20
2025-06-20 12:37:09.620314,1255.0,1,1255.0,90,1260.0,198,2,2454,2025-06-20
2025-06-20 12:37:32.823331,1260.0,2,1255.0,91,1260.0,198,1,2454,2025-06-20
2025-06-20 12:37:49.737667,1260.0,1,1255.0,92,1260.0,197,1,2454,2025-06-20
2025-06-20 12:37:54.653134,1255.0,1,1255.0,92,1260.0,198,2,2454,2025-06-20
2025-06-20 12:38:04.037197,1255.0,1,1255.0,92,1260.0,199,2,2454,2025-06-20
2025-06-20 12:38:09.344558,1255.0,1,1255.0,90,1260.0,200,2,2454,2025-06-20
2025-06-20 12:38:42.564301,1260.0,1,1255.0,82,1260.0,202,1,2454,2025-06-20
2025-06-20 12:38:46.912352,1255.0,1,1255.0,81,1260.0,203,2,2454,2025-06-20
2025-06-20 12:39:00.236842,1255.0,1,1255.0,81,1260.0,203,2,2454,2025-06-20
2025-06-20 12:39:09.389395,1255.0,1,1255.0,81,1260.0,207,2,2454,2025-06-20
2025-06-20 12:39:09.506773,1255.0,1,1255.0,80,1260.0,207,2,2454,2025-06-20
2025-06-20 12:39:31.332719,1255.0,1,1255.0,80,1260.0,209,2,2454,2025-06-20
2025-06-20 12:39:31.680547,1255.0,1,1255.0,79,1260.0,208,2,2454,2025-06-20
2025-06-20 12:39:33.787532,1255.0,1,1255.0,78,1260.0,207,2,2454,2025-06-20
2025-06-20 12:39:35.384291,1255.0,1,1255.0,76,1260.0,207,2,2454,2025-06-20
2025-06-20 12:39:49.669714,1255.0,1,1255.0,75,1260.0,209,2,2454,2025-06-20
2025-06-20 12:39:52.287890,1260.0,1,1255.0,75,1260.0,208,1,2454,2025-06-20
2025-06-20 12:40:09.741043,1255.0,1,1255.0,75,1260.0,209,2,2454,2025-06-20
2025-06-20 12:40:12.022603,1255.0,1,1255.0,74,1260.0,209,2,2454,2025-06-20
2025-06-20 12:40:13.473038,1255.0,1,1255.0,73,1260.0,209,2,2454,2025-06-20
2025-06-20 12:40:15.184215,1255.0,2,1255.0,71,1260.0,209,2,2454,2025-06-20
2025-06-20 12:40:16.484864,1255.0,1,1255.0,70,1260.0,209,2,2454,2025-06-20
2025-06-20 12:40:57.068341,1255.0,2,1255.0,69,1260.0,210,2,2454,2025-06-20
2025-06-20 12:40:58.893460,1255.0,1,1255.0,59,1260.0,209,2,2454,2025-06-20
2025-06-20 12:41:02.062434,1260.0,1,1255.0,57,1260.0,208,1,2454,2025-06-20
2025-06-20 12:41:38.579352,1255.0,1,1255.0,59,1260.0,211,2,2454,2025-06-20
2025-06-20 12:41:44.686387,1255.0,1,1255.0,58,1260.0,211,2,2454,2025-06-20
2025-06-20 12:41:50.069976,1255.0,1,1255.0,57,1260.0,211,2,2454,2025-06-20
2025-06-20 12:42:09.008001,1255.0,1,1255.0,56,1260.0,211,2,2454,2025-06-20
2025-06-20 12:42:09.162420,1255.0,1,1255.0,55,1260.0,211,2,2454,2025-06-20
2025-06-20 12:42:11.805643,1260.0,1,1255.0,55,1260.0,210,1,2454,2025-06-20
2025-06-20 12:42:20.019669,1255.0,1,1255.0,56,1260.0,212,2,2454,2025-06-20
2025-06-20 12:42:23.229317,1255.0,1,1255.0,55,1260.0,213,2,2454,2025-06-20
2025-06-20 12:42:30.496080,1255.0,2,1255.0,57,1260.0,213,2,2454,2025-06-20
2025-06-20 12:42:37.278804,1255.0,36,1255.0,24,1260.0,213,2,2454,2025-06-20
2025-06-20 12:42:37.295633,1255.0,1,1255.0,23,1260.0,217,2,2454,2025-06-20
2025-06-20 12:42:38.311926,1255.0,7,1255.0,23,1260.0,207,2,2454,2025-06-20
2025-06-20 12:42:38.466047,1255.0,2,1255.0,14,1260.0,207,2,2454,2025-06-20
2025-06-20 12:42:40.826868,1255.0,1,1255.0,14,1260.0,207,2,2454,2025-06-20
2025-06-20 12:42:52.801154,1255.0,1,1255.0,11,1260.0,208,2,2454,2025-06-20
2025-06-20 12:43:08.019344,1255.0,1,1255.0,20,1260.0,210,2,2454,2025-06-20
2025-06-20 12:43:16.358802,1255.0,1,1255.0,19,1260.0,205,2,2454,2025-06-20
2025-06-20 12:43:17.690913,1255.0,6,1255.0,12,1260.0,206,2,2454,2025-06-20
2025-06-20 12:43:21.578016,1260.0,1,1255.0,12,1260.0,209,1,2454,2025-06-20
2025-06-20 12:43:39.544309,1255.0,1,1255.0,12,1260.0,216,2,2454,2025-06-20
2025-06-20 12:43:39.702218,1255.0,1,1255.0,11,1260.0,216,2,2454,2025-06-20
2025-06-20 12:43:39.972026,1255.0,1,1255.0,10,1260.0,215,2,2454,2025-06-20
2025-06-20 12:43:41.962820,1255.0,1,1255.0,9,1260.0,215,2,2454,2025-06-20
2025-06-20 12:43:43.086694,1255.0,1,1255.0,8,1260.0,215,2,2454,2025-06-20
2025-06-20 12:43:43.933527,1255.0,2,1255.0,7,1260.0,214,2,2454,2025-06-20
2025-06-20 12:43:51.205246,1260.0,1,1255.0,8,1260.0,211,1,2454,2025-06-20
2025-06-20 12:43:54.018075,1255.0,1,1255.0,7,1260.0,211,2,2454,2025-06-20
2025-06-20 12:44:18.783825,1255.0,1,1255.0,10,1260.0,218,2,2454,2025-06-20
2025-06-20 12:44:31.319894,1260.0,1,1255.0,10,1260.0,219,1,2454,2025-06-20
2025-06-20 12:44:31.652480,1255.0,1,1255.0,9,1260.0,219,2,2454,2025-06-20
2025-06-20 12:44:43.327298,1255.0,1,1255.0,9,1260.0,224,2,2454,2025-06-20
2025-06-20 12:44:46.846001,1255.0,4,1255.0,5,1260.0,224,2,2454,2025-06-20
2025-06-20 12:44:51.799595,1255.0,1,1255.0,4,1260.0,226,2,2454,2025-06-20
2025-06-20 12:44:51.821830,1255.0,1,1255.0,3,1260.0,226,2,2454,2025-06-20
2025-06-20 12:44:56.536024,1255.0,1,1255.0,2,1260.0,226,2,2454,2025-06-20
2025-06-20 12:45:35.719516,1255.0,1,1255.0,14,1260.0,229,2,2454,2025-06-20
2025-06-20 12:45:41.121717,1260.0,1,1255.0,14,1260.0,228,1,2454,2025-06-20
2025-06-20 12:45:52.024105,1255.0,1,1255.0,14,1260.0,228,2,2454,2025-06-20
2025-06-20 12:45:52.700531,1255.0,1,1255.0,13,1260.0,228,2,2454,2025-06-20
2025-06-20 12:46:49.940377,1255.0,1,1255.0,27,1260.0,221,2,2454,2025-06-20
2025-06-20 12:46:50.905266,1260.0,1,1255.0,27,1260.0,221,1,2454,2025-06-20
2025-06-20 12:47:22.022938,1255.0,1,1255.0,43,1260.0,220,2,2454,2025-06-20
2025-06-20 12:47:30.729224,1255.0,1,1255.0,42,1260.0,220,2,2454,2025-06-20
2025-06-20 12:47:54.551181,1255.0,1,1255.0,44,1260.0,222,2,2454,2025-06-20
2025-06-20 12:47:55.012714,1255.0,1,1255.0,43,1260.0,222,2,2454,2025-06-20
2025-06-20 12:48:00.736863,1260.0,1,1255.0,46,1260.0,221,1,2454,2025-06-20
2025-06-20 12:48:19.681058,1255.0,1,1255.0,45,1260.0,219,2,2454,2025-06-20
2025-06-20 12:48:23.085327,1255.0,1,1255.0,44,1260.0,219,2,2454,2025-06-20
2025-06-20 12:48:55.019819,1255.0,1,1255.0,45,1260.0,220,2,2454,2025-06-20
2025-06-20 12:49:10.398449,1260.0,1,1255.0,45,1260.0,219,1,2454,2025-06-20
2025-06-20 12:49:21.046549,1255.0,1,1255.0,45,1260.0,221,2,2454,2025-06-20
2025-06-20 12:49:25.741666,1255.0,1,1255.0,44,1260.0,221,2,2454,2025-06-20
2025-06-20 12:49:27.196572,1255.0,1,1255.0,43,1260.0,221,2,2454,2025-06-20
2025-06-20 12:49:29.112889,1255.0,1,1255.0,42,1260.0,220,2,2454,2025-06-20
2025-06-20 12:49:50.004394,1255.0,1,1255.0,41,1260.0,222,2,2454,2025-06-20
2025-06-20 12:50:20.201700,1260.0,1,1255.0,46,1260.0,222,1,2454,2025-06-20
2025-06-20 12:50:23.939122,1255.0,1,1255.0,46,1260.0,222,2,2454,2025-06-20
2025-06-20 12:50:44.184173,1255.0,1,1255.0,46,1260.0,228,2,2454,2025-06-20
2025-06-20 12:51:16.632141,1255.0,1,1255.0,45,1260.0,230,2,2454,2025-06-20
2025-06-20 12:51:20.754622,1255.0,1,1255.0,45,1260.0,230,2,2454,2025-06-20
2025-06-20 12:51:30.003734,1260.0,1,1255.0,38,1260.0,229,1,2454,2025-06-20
2025-06-20 12:51:37.549605,1255.0,1,1255.0,39,1260.0,229,2,2454,2025-06-20
2025-06-20 12:51:38.889151,1255.0,1,1255.0,38,1260.0,229,2,2454,2025-06-20
2025-06-20 12:52:25.582198,1255.0,1,1255.0,42,1260.0,230,2,2454,2025-06-20
2025-06-20 12:52:39.794491,1260.0,1,1255.0,50,1260.0,229,1,2454,2025-06-20
2025-06-20 12:53:02.021088,1255.0,1,1255.0,50,1260.0,231,2,2454,2025-06-20
2025-06-20 12:53:16.767251,1255.0,1,1255.0,58,1260.0,233,2,2454,2025-06-20
2025-06-20 12:53:18.058143,1255.0,1,1255.0,58,1260.0,233,2,2454,2025-06-20
2025-06-20 12:53:18.783248,1255.0,1,1255.0,57,1260.0,232,2,2454,2025-06-20
2025-06-20 12:53:49.588552,1260.0,1,1255.0,57,1260.0,232,1,2454,2025-06-20
2025-06-20 12:53:49.908844,1255.0,1,1255.0,56,1260.0,232,2,2454,2025-06-20
2025-06-20 12:54:09.268788,1255.0,1,1255.0,71,1260.0,233,2,2454,2025-06-20
2025-06-20 12:54:15.019630,1255.0,1,1255.0,55,1260.0,233,2,2454,2025-06-20
2025-06-20 12:54:30.214012,1260.0,1,1255.0,55,1260.0,234,1,2454,2025-06-20
2025-06-20 12:54:52.462889,1255.0,1,1255.0,61,1260.0,233,2,2454,2025-06-20
2025-06-20 12:54:59.360550,1260.0,1,1255.0,61,1260.0,233,1,2454,2025-06-20
2025-06-20 12:55:11.779796,1255.0,1,1255.0,64,1260.0,233,2,2454,2025-06-20
2025-06-20 12:55:29.020584,1255.0,1,1255.0,63,1260.0,233,2,2454,2025-06-20
2025-06-20 12:55:46.078243,1255.0,1,1255.0,62,1260.0,234,2,2454,2025-06-20
2025-06-20 12:56:02.975747,1255.0,1,1255.0,61,1260.0,236,2,2454,2025-06-20
2025-06-20 12:56:09.087120,1260.0,1,1255.0,61,1260.0,236,1,2454,2025-06-20
2025-06-20 12:56:15.317342,1255.0,1,1255.0,61,1260.0,235,2,2454,2025-06-20
2025-06-20 12:56:36.158969,1255.0,1,1255.0,65,1260.0,235,2,2454,2025-06-20
2025-06-20 12:56:44.866532,1255.0,1,1255.0,66,1260.0,234,2,2454,2025-06-20
2025-06-20 12:56:46.168134,1255.0,1,1255.0,65,1260.0,234,2,2454,2025-06-20
2025-06-20 12:56:49.243618,1255.0,1,1255.0,64,1260.0,234,2,2454,2025-06-20
2025-06-20 12:57:06.790965,1255.0,1,1255.0,69,1260.0,234,2,2454,2025-06-20
2025-06-20 12:57:18.828784,1260.0,1,1255.0,75,1260.0,233,1,2454,2025-06-20
2025-06-20 12:57:20.478889,1255.0,1,1255.0,74,1260.0,233,2,2454,2025-06-20
2025-06-20 12:57:25.832601,1255.0,1,1255.0,73,1260.0,231,2,2454,2025-06-20
2025-06-20 12:57:57.911434,1260.0,1,1255.0,76,1260.0,228,1,2454,2025-06-20
2025-06-20 12:58:09.246910,1255.0,1,1255.0,76,1260.0,224,2,2454,2025-06-20
2025-06-20 12:58:10.713419,1255.0,1,1255.0,75,1260.0,224,2,2454,2025-06-20
2025-06-20 12:58:28.663265,1260.0,1,1255.0,75,1260.0,228,1,2454,2025-06-20
2025-06-20 12:58:59.158645,1255.0,1,1255.0,77,1260.0,228,2,2454,2025-06-20
2025-06-20 12:59:01.801874,1255.0,1,1255.0,76,1260.0,228,2,2454,2025-06-20
2025-06-20 12:59:36.601264,1255.0,1,1255.0,78,1260.0,230,2,2454,2025-06-20
2025-06-20 12:59:38.511285,1260.0,1,1255.0,78,1260.0,229,1,2454,2025-06-20
2025-06-20 12:59:46.893383,1255.0,1,1255.0,77,1260.0,229,2,2454,2025-06-20
2025-06-20 13:00:13.983049,1255.0,1,1255.0,87,1260.0,229,2,2454,2025-06-20
2025-06-20 13:00:35.742770,1255.0,1,1255.0,88,1260.0,229,2,2454,2025-06-20
2025-06-20 13:00:48.254827,1260.0,1,1255.0,89,1260.0,226,1,2454,2025-06-20
2025-06-20 13:00:57.743646,1255.0,3,1255.0,89,1260.0,226,2,2454,2025-06-20
2025-06-20 13:00:57.813259,1255.0,1,1255.0,88,1260.0,226,2,2454,2025-06-20
2025-06-20 13:01:08.331666,1260.0,1,1255.0,88,1260.0,218,1,2454,2025-06-20
2025-06-20 13:01:20.939793,1255.0,1,1255.0,88,1260.0,218,2,2454,2025-06-20
2025-06-20 13:01:57.953903,1260.0,1,1255.0,91,1260.0,218,1,2454,2025-06-20
2025-06-20 13:02:01.253046,1255.0,1,1255.0,90,1260.0,218,2,2454,2025-06-20
2025-06-20 13:02:15.845262,1255.0,1,1255.0,90,1260.0,219,2,2454,2025-06-20
2025-06-20 13:02:21.784789,1260.0,1,1255.0,90,1260.0,219,1,2454,2025-06-20
2025-06-20 13:02:51.491924,1255.0,1,1255.0,90,1260.0,220,2,2454,2025-06-20
2025-06-20 13:02:52.824788,1255.0,1,1255.0,89,1260.0,220,2,2454,2025-06-20
2025-06-20 13:03:07.681858,1260.0,1,1255.0,95,1260.0,220,1,2454,2025-06-20
2025-06-20 13:03:09.680012,1255.0,1,1255.0,96,1260.0,219,2,2454,2025-06-20
