ts,close,volume,bid_price,bid_volume,ask_price,ask_volume,tick_type,code,date
2025-06-19 09:00:15.368096,1280.0,105,1275.0,297,1280.0,2,2,2454,2025-06-19
2025-06-19 09:00:15.398768,1280.0,1,1275.0,297,1280.0,1,1,2454,2025-06-19
2025-06-19 09:00:15.398797,1280.0,1,1280.0,1,1285.0,55,1,2454,2025-06-19
2025-06-19 09:00:15.481721,1280.0,1,1275.0,273,1285.0,69,2,2454,2025-06-19
2025-06-19 09:00:15.620582,1275.0,4,1275.0,293,1280.0,13,2,2454,2025-06-19
2025-06-19 09:00:15.898629,1280.0,3,1275.0,289,1280.0,12,1,2454,2025-06-19
2025-06-19 09:00:16.206067,1280.0,1,1275.0,283,1280.0,12,1,2454,2025-06-19
2025-06-19 09:00:16.444707,1275.0,1,1275.0,282,1280.0,11,2,2454,2025-06-19
2025-06-19 09:00:19.082228,1275.0,2,1275.0,272,1280.0,20,2,2454,2025-06-19
2025-06-19 09:00:28.484862,1280.0,5,1275.0,299,1280.0,19,1,2454,2025-06-19
2025-06-19 09:00:32.533603,1280.0,1,1275.0,308,1280.0,17,1,2454,2025-06-19
2025-06-19 09:00:38.768923,1280.0,1,1275.0,306,1280.0,17,1,2454,2025-06-19
2025-06-19 09:00:52.044451,1280.0,1,1275.0,330,1280.0,17,1,2454,2025-06-19
2025-06-19 09:01:03.540714,1280.0,1,1275.0,332,1280.0,19,1,2454,2025-06-19
2025-06-19 09:01:21.478659,1280.0,1,1275.0,343,1280.0,21,1,2454,2025-06-19
2025-06-19 09:01:22.213505,1280.0,1,1275.0,339,1280.0,20,1,2454,2025-06-19
2025-06-19 09:01:23.705399,1280.0,1,1275.0,339,1280.0,19,1,2454,2025-06-19
2025-06-19 09:01:23.731998,1280.0,2,1275.0,339,1280.0,17,1,2454,2025-06-19
2025-06-19 09:01:24.600230,1275.0,1,1275.0,339,1280.0,17,2,2454,2025-06-19
2025-06-19 09:01:24.792413,1280.0,2,1275.0,349,1280.0,15,1,2454,2025-06-19
2025-06-19 09:01:36.499881,1280.0,1,1275.0,362,1280.0,18,1,2454,2025-06-19
2025-06-19 09:01:36.888297,1280.0,1,1275.0,362,1280.0,17,1,2454,2025-06-19
2025-06-19 09:01:44.323551,1280.0,1,1275.0,365,1280.0,17,1,2454,2025-06-19
2025-06-19 09:01:48.024818,1280.0,1,1275.0,366,1280.0,16,1,2454,2025-06-19
2025-06-19 09:01:48.058664,1280.0,1,1275.0,366,1280.0,15,1,2454,2025-06-19
2025-06-19 09:01:48.820102,1280.0,5,1275.0,366,1280.0,10,1,2454,2025-06-19
2025-06-19 09:01:49.425764,1280.0,1,1275.0,386,1280.0,9,1,2454,2025-06-19
2025-06-19 09:01:49.443710,1280.0,1,1275.0,386,1280.0,8,1,2454,2025-06-19
2025-06-19 09:01:49.564794,1280.0,1,1275.0,386,1280.0,7,1,2454,2025-06-19
2025-06-19 09:01:53.425432,1280.0,2,1275.0,379,1280.0,5,1,2454,2025-06-19
2025-06-19 09:01:55.142296,1280.0,1,1275.0,391,1280.0,5,1,2454,2025-06-19
2025-06-19 09:01:55.770828,1280.0,1,1275.0,391,1280.0,5,1,2454,2025-06-19
2025-06-19 09:01:56.938311,1280.0,1,1275.0,391,1280.0,4,1,2454,2025-06-19
2025-06-19 09:01:57.844475,1280.0,2,1275.0,391,1280.0,3,1,2454,2025-06-19
2025-06-19 09:01:57.874948,1280.0,1,1275.0,391,1280.0,2,1,2454,2025-06-19
2025-06-19 09:02:08.811108,1280.0,1,1275.0,386,1280.0,10,1,2454,2025-06-19
2025-06-19 09:02:18.707919,1280.0,1,1275.0,369,1280.0,11,1,2454,2025-06-19
2025-06-19 09:02:24.626700,1280.0,1,1275.0,369,1280.0,11,1,2454,2025-06-19
2025-06-19 09:02:30.148235,1280.0,1,1275.0,373,1280.0,10,1,2454,2025-06-19
2025-06-19 09:02:34.312054,1280.0,1,1275.0,380,1280.0,9,1,2454,2025-06-19
2025-06-19 09:02:37.855412,1280.0,1,1275.0,382,1280.0,8,1,2454,2025-06-19
2025-06-19 09:02:37.908948,1275.0,1,1275.0,381,1280.0,8,2,2454,2025-06-19
2025-06-19 09:02:40.896329,1275.0,1,1275.0,380,1280.0,8,2,2454,2025-06-19
2025-06-19 09:02:55.881312,1280.0,6,1275.0,382,1280.0,15,1,2454,2025-06-19
2025-06-19 09:02:55.909988,1280.0,1,1275.0,382,1280.0,12,1,2454,2025-06-19
2025-06-19 09:02:56.653609,1280.0,1,1275.0,382,1280.0,11,1,2454,2025-06-19
2025-06-19 09:03:04.949403,1280.0,1,1275.0,382,1280.0,9,1,2454,2025-06-19
2025-06-19 09:03:06.814356,1280.0,2,1275.0,383,1280.0,9,1,2454,2025-06-19
2025-06-19 09:03:06.848510,1280.0,1,1275.0,383,1280.0,8,1,2454,2025-06-19
2025-06-19 09:03:07.838325,1280.0,1,1275.0,383,1280.0,7,1,2454,2025-06-19
2025-06-19 09:03:11.264533,1280.0,1,1275.0,383,1280.0,6,1,2454,2025-06-19
2025-06-19 09:03:20.007818,1280.0,1,1275.0,383,1280.0,6,1,2454,2025-06-19
2025-06-19 09:03:22.990933,1280.0,1,1275.0,383,1280.0,8,1,2454,2025-06-19
2025-06-19 09:03:34.042910,1280.0,1,1275.0,394,1280.0,9,1,2454,2025-06-19
2025-06-19 09:03:37.867351,1280.0,1,1275.0,394,1280.0,10,1,2454,2025-06-19
2025-06-19 09:03:46.670653,1280.0,1,1275.0,394,1280.0,11,1,2454,2025-06-19
2025-06-19 09:03:47.997413,1280.0,1,1275.0,394,1280.0,10,1,2454,2025-06-19
2025-06-19 09:03:54.365308,1280.0,2,1275.0,395,1280.0,9,1,2454,2025-06-19
2025-06-19 09:03:59.892497,1280.0,1,1275.0,395,1280.0,8,1,2454,2025-06-19
2025-06-19 09:04:02.358883,1280.0,1,1275.0,395,1280.0,7,1,2454,2025-06-19
2025-06-19 09:04:10.976715,1280.0,1,1275.0,396,1280.0,11,1,2454,2025-06-19
2025-06-19 09:04:15.402984,1280.0,2,1275.0,399,1280.0,16,1,2454,2025-06-19
2025-06-19 09:04:26.650318,1280.0,1,1275.0,401,1280.0,31,1,2454,2025-06-19
2025-06-19 09:04:31.528042,1280.0,1,1275.0,401,1280.0,21,1,2454,2025-06-19
2025-06-19 09:04:32.497237,1280.0,1,1275.0,401,1280.0,20,1,2454,2025-06-19
2025-06-19 09:04:34.174751,1280.0,2,1275.0,401,1280.0,19,1,2454,2025-06-19
2025-06-19 09:04:49.873511,1280.0,1,1275.0,401,1280.0,27,1,2454,2025-06-19
2025-06-19 09:04:49.957863,1280.0,11,1275.0,401,1280.0,16,1,2454,2025-06-19
2025-06-19 09:04:56.000632,1280.0,1,1275.0,401,1280.0,26,1,2454,2025-06-19
2025-06-19 09:04:57.645437,1280.0,2,1275.0,401,1280.0,25,1,2454,2025-06-19
2025-06-19 09:04:59.980028,1275.0,3,1275.0,399,1280.0,25,2,2454,2025-06-19
2025-06-19 09:05:15.460766,1275.0,4,1275.0,390,1280.0,47,2,2454,2025-06-19
2025-06-19 09:05:16.186809,1280.0,1,1275.0,390,1280.0,46,1,2454,2025-06-19
2025-06-19 09:05:16.761030,1275.0,3,1275.0,387,1280.0,48,2,2454,2025-06-19
2025-06-19 09:05:28.070280,1280.0,1,1275.0,386,1280.0,52,1,2454,2025-06-19
2025-06-19 09:05:29.851138,1280.0,1,1275.0,386,1280.0,52,1,2454,2025-06-19
2025-06-19 09:05:30.366734,1280.0,1,1275.0,386,1280.0,51,1,2454,2025-06-19
2025-06-19 09:05:31.050429,1280.0,2,1275.0,385,1280.0,49,1,2454,2025-06-19
2025-06-19 09:05:41.564301,1280.0,1,1275.0,391,1280.0,21,1,2454,2025-06-19
2025-06-19 09:05:49.024857,1280.0,1,1275.0,391,1280.0,16,1,2454,2025-06-19
2025-06-19 09:05:56.688869,1280.0,1,1275.0,391,1280.0,18,1,2454,2025-06-19
2025-06-19 09:06:21.156063,1280.0,1,1275.0,395,1280.0,19,1,2454,2025-06-19
2025-06-19 09:06:24.523141,1280.0,20,1275.0,395,1280.0,2,1,2454,2025-06-19
2025-06-19 09:06:24.626814,1280.0,2,1275.0,396,1285.0,116,1,2454,2025-06-19
2025-06-19 09:06:24.994291,1280.0,1,1275.0,395,1280.0,2,1,2454,2025-06-19
2025-06-19 09:06:36.381199,1280.0,1,1275.0,396,1280.0,3,1,2454,2025-06-19
2025-06-19 09:06:37.105469,1280.0,1,1275.0,396,1280.0,2,1,2454,2025-06-19
2025-06-19 09:07:00.153383,1280.0,1,1275.0,397,1280.0,4,1,2454,2025-06-19
2025-06-19 09:07:01.665232,1280.0,1,1275.0,397,1280.0,3,1,2454,2025-06-19
2025-06-19 09:07:02.796735,1280.0,1,1275.0,399,1280.0,2,1,2454,2025-06-19
2025-06-19 09:07:20.269715,1280.0,1,1275.0,401,1280.0,4,1,2454,2025-06-19
2025-06-19 09:07:24.014730,1280.0,1,1275.0,401,1280.0,3,1,2454,2025-06-19
2025-06-19 09:07:28.550411,1280.0,1,1275.0,400,1280.0,2,1,2454,2025-06-19
2025-06-19 09:07:29.115409,1275.0,1,1275.0,399,1280.0,2,2,2454,2025-06-19
2025-06-19 09:07:34.586041,1280.0,1,1275.0,398,1280.0,1,1,2454,2025-06-19
2025-06-19 09:08:08.122229,1280.0,1,1275.0,402,1280.0,6,1,2454,2025-06-19
2025-06-19 09:08:11.175139,1280.0,1,1275.0,402,1280.0,5,1,2454,2025-06-19
2025-06-19 09:08:28.068401,1280.0,1,1275.0,402,1280.0,5,1,2454,2025-06-19
2025-06-19 09:08:29.861232,1280.0,1,1275.0,404,1280.0,4,1,2454,2025-06-19
2025-06-19 09:08:30.128714,1280.0,1,1275.0,404,1280.0,3,1,2454,2025-06-19
2025-06-19 09:08:43.872196,1280.0,1,1275.0,410,1280.0,2,1,2454,2025-06-19
2025-06-19 09:09:09.883250,1280.0,1,1275.0,406,1280.0,4,1,2454,2025-06-19
2025-06-19 09:09:16.508789,1280.0,1,1275.0,404,1280.0,6,1,2454,2025-06-19
2025-06-19 09:09:19.010344,1275.0,1,1275.0,403,1280.0,7,2,2454,2025-06-19
2025-06-19 09:09:21.049978,1280.0,1,1275.0,403,1280.0,11,1,2454,2025-06-19
2025-06-19 09:09:29.143778,1280.0,1,1275.0,402,1280.0,11,1,2454,2025-06-19
2025-06-19 09:10:05.069256,1280.0,1,1275.0,405,1280.0,21,1,2454,2025-06-19
2025-06-19 09:10:06.976697,1280.0,1,1275.0,405,1280.0,20,1,2454,2025-06-19
2025-06-19 09:10:08.846905,1280.0,1,1275.0,405,1280.0,21,1,2454,2025-06-19
2025-06-19 09:10:09.934329,1280.0,1,1275.0,405,1280.0,20,1,2454,2025-06-19
2025-06-19 09:10:29.962356,1275.0,1,1275.0,404,1280.0,24,2,2454,2025-06-19
2025-06-19 09:10:44.106882,1280.0,5,1275.0,410,1280.0,24,1,2454,2025-06-19
2025-06-19 09:10:59.069455,1280.0,1,1275.0,411,1280.0,56,1,2454,2025-06-19
2025-06-19 09:10:59.245155,1280.0,1,1275.0,411,1280.0,55,1,2454,2025-06-19
2025-06-19 09:11:02.144303,1280.0,1,1275.0,416,1280.0,47,1,2454,2025-06-19
2025-06-19 09:11:08.066648,1280.0,1,1275.0,416,1280.0,21,1,2454,2025-06-19
2025-06-19 09:11:22.963845,1280.0,1,1275.0,416,1280.0,19,1,2454,2025-06-19
2025-06-19 09:11:41.516874,1280.0,1,1275.0,416,1280.0,34,1,2454,2025-06-19
2025-06-19 09:12:22.853085,1275.0,1,1275.0,414,1280.0,61,2,2454,2025-06-19
2025-06-19 09:12:25.690149,1280.0,1,1275.0,413,1280.0,62,1,2454,2025-06-19
2025-06-19 09:12:25.944344,1280.0,1,1275.0,413,1280.0,61,1,2454,2025-06-19
2025-06-19 09:12:43.223152,1280.0,1,1275.0,412,1280.0,77,1,2454,2025-06-19
2025-06-19 09:13:21.725897,1275.0,1,1275.0,411,1280.0,90,2,2454,2025-06-19
2025-06-19 09:13:21.759333,1275.0,2,1275.0,409,1280.0,90,2,2454,2025-06-19
2025-06-19 09:13:21.789928,1275.0,6,1275.0,403,1280.0,91,2,2454,2025-06-19
2025-06-19 09:13:22.827580,1275.0,2,1275.0,401,1280.0,91,2,2454,2025-06-19
2025-06-19 09:13:26.233639,1280.0,1,1275.0,401,1280.0,90,1,2454,2025-06-19
2025-06-19 09:14:06.269033,1280.0,1,1275.0,401,1280.0,97,1,2454,2025-06-19
2025-06-19 09:14:07.322926,1280.0,1,1275.0,400,1280.0,95,1,2454,2025-06-19
2025-06-19 09:14:07.907309,1280.0,1,1275.0,400,1280.0,94,1,2454,2025-06-19
2025-06-19 09:14:08.063853,1280.0,1,1275.0,399,1280.0,93,1,2454,2025-06-19
2025-06-19 09:14:21.182684,1275.0,13,1275.0,380,1280.0,82,2,2454,2025-06-19
2025-06-19 09:14:21.991693,1280.0,1,1275.0,380,1280.0,81,1,2454,2025-06-19
2025-06-19 09:14:25.332625,1280.0,1,1275.0,380,1280.0,79,1,2454,2025-06-19
2025-06-19 09:14:46.951517,1280.0,1,1275.0,375,1280.0,80,1,2454,2025-06-19
2025-06-19 09:14:53.036361,1280.0,1,1275.0,375,1280.0,101,1,2454,2025-06-19
2025-06-19 09:15:15.317543,1280.0,1,1275.0,387,1280.0,106,1,2454,2025-06-19
2025-06-19 09:15:17.904351,1275.0,1,1275.0,386,1280.0,106,2,2454,2025-06-19
2025-06-19 09:15:20.724774,1280.0,10,1275.0,386,1280.0,97,1,2454,2025-06-19
2025-06-19 09:15:21.572650,1280.0,1,1275.0,386,1280.0,100,1,2454,2025-06-19
2025-06-19 09:15:23.968244,1280.0,1,1275.0,386,1280.0,103,1,2454,2025-06-19
2025-06-19 09:15:29.826536,1280.0,60,1275.0,386,1280.0,46,1,2454,2025-06-19
2025-06-19 09:15:29.969101,1280.0,6,1275.0,390,1280.0,14,1,2454,2025-06-19
2025-06-19 09:15:30.447696,1280.0,3,1275.0,391,1280.0,9,1,2454,2025-06-19
2025-06-19 09:15:31.598431,1280.0,1,1275.0,395,1280.0,8,1,2454,2025-06-19
2025-06-19 09:15:37.397147,1280.0,1,1275.0,396,1280.0,12,1,2454,2025-06-19
2025-06-19 09:15:37.947870,1280.0,1,1275.0,396,1280.0,11,1,2454,2025-06-19
2025-06-19 09:15:51.386373,1280.0,1,1275.0,426,1280.0,13,1,2454,2025-06-19
2025-06-19 09:16:04.531973,1280.0,1,1275.0,443,1280.0,12,1,2454,2025-06-19
2025-06-19 09:16:07.137073,1280.0,5,1275.0,445,1280.0,7,1,2454,2025-06-19
2025-06-19 09:16:07.535159,1280.0,1,1275.0,447,1280.0,6,1,2454,2025-06-19
2025-06-19 09:16:09.291687,1280.0,1,1275.0,447,1280.0,6,1,2454,2025-06-19
2025-06-19 09:16:09.893731,1280.0,1,1275.0,447,1280.0,5,1,2454,2025-06-19
2025-06-19 09:16:12.470543,1280.0,2,1275.0,447,1280.0,1,1,2454,2025-06-19
2025-06-19 09:16:12.646148,1280.0,1,1280.0,1,1285.0,153,1,2454,2025-06-19
2025-06-19 09:16:12.678549,1280.0,1,1275.0,447,1285.0,150,2,2454,2025-06-19
2025-06-19 09:16:12.731396,1280.0,1,1280.0,1,1285.0,163,2,2454,2025-06-19
2025-06-19 09:16:12.731407,1280.0,1,1275.0,409,1285.0,163,2,2454,2025-06-19
2025-06-19 09:16:12.781283,1280.0,1,1275.0,403,1280.0,1,1,2454,2025-06-19
2025-06-19 09:16:12.781933,1280.0,1,1275.0,402,1285.0,163,1,2454,2025-06-19
2025-06-19 09:16:12.839378,1280.0,1,1275.0,403,1285.0,163,2,2454,2025-06-19
2025-06-19 09:16:13.155891,1285.0,1,1275.0,405,1285.0,163,1,2454,2025-06-19
2025-06-19 09:16:13.662584,1280.0,2,1280.0,1,1285.0,163,2,2454,2025-06-19
2025-06-19 09:16:13.662594,1280.0,1,1275.0,405,1285.0,163,2,2454,2025-06-19
2025-06-19 09:16:16.499915,1280.0,5,1280.0,11,1285.0,166,2,2454,2025-06-19
2025-06-19 09:16:16.523394,1280.0,6,1275.0,394,1285.0,166,2,2454,2025-06-19
2025-06-19 09:16:17.541516,1285.0,1,1280.0,19,1285.0,165,1,2454,2025-06-19
2025-06-19 09:16:17.926491,1280.0,3,1280.0,16,1285.0,154,2,2454,2025-06-19
2025-06-19 09:16:17.965238,1280.0,5,1280.0,11,1285.0,154,2,2454,2025-06-19
2025-06-19 09:16:17.998199,1280.0,11,1275.0,380,1285.0,154,2,2454,2025-06-19
2025-06-19 09:16:18.126749,1285.0,1,1275.0,393,1285.0,153,1,2454,2025-06-19
2025-06-19 09:16:19.411194,1280.0,1,1275.0,397,1285.0,152,2,2454,2025-06-19
2025-06-19 09:16:23.415150,1280.0,1,1275.0,397,1285.0,152,2,2454,2025-06-19
2025-06-19 09:16:24.396930,1280.0,2,1275.0,384,1285.0,162,2,2454,2025-06-19
2025-06-19 09:16:24.854633,1280.0,1,1275.0,391,1280.0,2,1,2454,2025-06-19
2025-06-19 09:16:26.255223,1280.0,2,1275.0,381,1280.0,3,1,2454,2025-06-19
2025-06-19 09:16:27.133130,1280.0,1,1275.0,378,1280.0,2,1,2454,2025-06-19
2025-06-19 09:16:31.153970,1280.0,1,1275.0,378,1280.0,2,1,2454,2025-06-19
2025-06-19 09:16:31.599679,1280.0,2,1280.0,3,1285.0,160,1,2454,2025-06-19
2025-06-19 09:16:31.665427,1280.0,3,1275.0,380,1285.0,161,2,2454,2025-06-19
2025-06-19 09:16:31.802915,1280.0,1,1275.0,380,1285.0,160,2,2454,2025-06-19
2025-06-19 09:16:35.096222,1280.0,1,1275.0,380,1285.0,167,2,2454,2025-06-19
2025-06-19 09:16:40.322531,1280.0,1,1275.0,379,1285.0,167,2,2454,2025-06-19
2025-06-19 09:16:44.228074,1280.0,5,1275.0,378,1285.0,168,2,2454,2025-06-19
2025-06-19 09:16:51.714593,1280.0,1,1275.0,385,1285.0,170,2,2454,2025-06-19
2025-06-19 09:16:54.040954,1280.0,1,1275.0,388,1280.0,1,1,2454,2025-06-19
2025-06-19 09:17:01.192733,1280.0,4,1280.0,1,1285.0,167,1,2454,2025-06-19
2025-06-19 09:17:05.347127,1280.0,3,1275.0,390,1285.0,175,2,2454,2025-06-19
2025-06-19 09:17:34.208708,1280.0,1,1280.0,19,1285.0,175,2,2454,2025-06-19
2025-06-19 09:17:41.104201,1280.0,1,1280.0,14,1285.0,179,2,2454,2025-06-19
2025-06-19 09:17:44.137147,1280.0,1,1280.0,13,1285.0,180,2,2454,2025-06-19
2025-06-19 09:17:59.144324,1280.0,1,1280.0,27,1285.0,184,2,2454,2025-06-19
2025-06-19 09:18:02.664700,1280.0,1,1280.0,26,1285.0,182,2,2454,2025-06-19
2025-06-19 09:18:31.746464,1285.0,1,1280.0,30,1285.0,185,1,2454,2025-06-19
2025-06-19 09:18:32.584272,1280.0,1,1280.0,29,1285.0,162,2,2454,2025-06-19
2025-06-19 09:18:34.198990,1280.0,1,1280.0,28,1285.0,162,2,2454,2025-06-19
2025-06-19 09:18:34.236156,1280.0,1,1280.0,27,1285.0,162,2,2454,2025-06-19
2025-06-19 09:18:34.314293,1285.0,1,1280.0,27,1285.0,161,1,2454,2025-06-19
2025-06-19 09:18:44.148672,1280.0,1,1280.0,32,1285.0,151,2,2454,2025-06-19
2025-06-19 09:19:11.022321,1285.0,1,1280.0,42,1285.0,150,1,2454,2025-06-19
2025-06-19 09:19:45.733119,1285.0,1,1280.0,55,1285.0,134,1,2454,2025-06-19
2025-06-19 09:19:51.012230,1285.0,1,1280.0,57,1285.0,133,1,2454,2025-06-19
2025-06-19 09:20:14.553118,1285.0,1,1280.0,57,1285.0,132,1,2454,2025-06-19
2025-06-19 09:20:20.860097,1285.0,1,1280.0,59,1285.0,128,1,2454,2025-06-19
2025-06-19 09:20:31.031836,1285.0,1,1280.0,70,1285.0,127,1,2454,2025-06-19
2025-06-19 09:21:11.023115,1285.0,1,1280.0,95,1285.0,128,1,2454,2025-06-19
2025-06-19 09:21:17.589664,1285.0,2,1280.0,89,1285.0,128,1,2454,2025-06-19
2025-06-19 09:21:51.031572,1285.0,1,1280.0,93,1285.0,134,1,2454,2025-06-19
2025-06-19 09:22:13.714293,1285.0,2,1280.0,96,1285.0,134,1,2454,2025-06-19
2025-06-19 09:22:30.034884,1285.0,1,1280.0,97,1285.0,138,1,2454,2025-06-19
2025-06-19 09:22:31.028155,1285.0,1,1280.0,97,1285.0,137,1,2454,2025-06-19
2025-06-19 09:22:32.515835,1285.0,5,1280.0,97,1285.0,134,1,2454,2025-06-19
2025-06-19 09:22:34.146064,1285.0,1,1280.0,97,1285.0,109,1,2454,2025-06-19
2025-06-19 09:22:56.000341,1285.0,1,1280.0,120,1285.0,103,1,2454,2025-06-19
2025-06-19 09:22:57.877000,1285.0,1,1280.0,133,1285.0,101,1,2454,2025-06-19
2025-06-19 09:23:11.021119,1285.0,1,1280.0,140,1285.0,104,1,2454,2025-06-19
2025-06-19 09:23:51.015059,1285.0,1,1280.0,116,1285.0,184,1,2454,2025-06-19
2025-06-19 09:23:56.979817,1285.0,1,1280.0,116,1285.0,154,1,2454,2025-06-19
2025-06-19 09:24:31.049178,1285.0,1,1280.0,117,1285.0,155,1,2454,2025-06-19
2025-06-19 09:24:37.936387,1285.0,1,1280.0,117,1285.0,154,1,2454,2025-06-19
2025-06-19 09:24:39.460739,1280.0,2,1280.0,115,1285.0,151,2,2454,2025-06-19
2025-06-19 09:25:10.537191,1285.0,1,1280.0,115,1285.0,151,1,2454,2025-06-19
2025-06-19 09:25:11.015411,1285.0,1,1280.0,115,1285.0,150,1,2454,2025-06-19
2025-06-19 09:25:48.066636,1285.0,1,1280.0,106,1285.0,179,1,2454,2025-06-19
2025-06-19 09:25:51.021247,1285.0,1,1280.0,101,1285.0,178,1,2454,2025-06-19
2025-06-19 09:25:51.620829,1285.0,1,1280.0,106,1285.0,176,1,2454,2025-06-19
2025-06-19 09:26:04.731304,1285.0,1,1280.0,107,1285.0,187,1,2454,2025-06-19
2025-06-19 09:26:18.928458,1280.0,1,1280.0,107,1285.0,161,2,2454,2025-06-19
2025-06-19 09:26:25.245099,1285.0,1,1280.0,108,1285.0,160,1,2454,2025-06-19
2025-06-19 09:26:31.030503,1285.0,1,1280.0,108,1285.0,160,1,2454,2025-06-19
2025-06-19 09:27:11.038360,1285.0,1,1280.0,108,1285.0,159,1,2454,2025-06-19
2025-06-19 09:27:15.340661,1285.0,1,1280.0,108,1285.0,156,1,2454,2025-06-19
2025-06-19 09:27:39.538866,1280.0,1,1280.0,150,1285.0,152,2,2454,2025-06-19
2025-06-19 09:27:51.148715,1285.0,1,1280.0,157,1285.0,154,1,2454,2025-06-19
2025-06-19 09:27:54.313870,1280.0,1,1280.0,155,1285.0,152,2,2454,2025-06-19
2025-06-19 09:28:01.608762,1285.0,1,1280.0,154,1285.0,151,1,2454,2025-06-19
2025-06-19 09:28:29.056535,1280.0,1,1280.0,152,1285.0,153,2,2454,2025-06-19
2025-06-19 09:28:31.011677,1285.0,1,1280.0,144,1285.0,155,1,2454,2025-06-19
2025-06-19 09:28:36.060975,1285.0,1,1280.0,154,1285.0,155,1,2454,2025-06-19
2025-06-19 09:28:38.080427,1280.0,1,1280.0,153,1285.0,155,2,2454,2025-06-19
2025-06-19 09:28:42.604859,1285.0,10,1280.0,153,1285.0,144,1,2454,2025-06-19
2025-06-19 09:28:43.370968,1280.0,2,1280.0,151,1285.0,141,2,2454,2025-06-19
2025-06-19 09:28:44.129816,1285.0,1,1280.0,151,1285.0,141,1,2454,2025-06-19
2025-06-19 09:28:54.331592,1280.0,1,1280.0,150,1285.0,144,2,2454,2025-06-19
2025-06-19 09:29:00.164351,1280.0,1,1280.0,157,1285.0,145,2,2454,2025-06-19
2025-06-19 09:29:09.454061,1280.0,1,1280.0,157,1285.0,189,2,2454,2025-06-19
2025-06-19 09:29:10.223235,1280.0,1,1280.0,156,1285.0,188,2,2454,2025-06-19
2025-06-19 09:29:10.253299,1280.0,1,1280.0,156,1285.0,209,2,2454,2025-06-19
2025-06-19 09:29:11.033678,1285.0,1,1280.0,154,1285.0,209,1,2454,2025-06-19
2025-06-19 09:29:11.313243,1280.0,1,1280.0,154,1285.0,209,2,2454,2025-06-19
2025-06-19 09:29:20.297930,1280.0,2,1280.0,153,1285.0,216,2,2454,2025-06-19
2025-06-19 09:29:20.681368,1280.0,1,1280.0,152,1285.0,219,2,2454,2025-06-19
2025-06-19 09:29:21.489455,1280.0,1,1280.0,151,1285.0,218,2,2454,2025-06-19
2025-06-19 09:29:21.649344,1280.0,2,1280.0,149,1285.0,216,2,2454,2025-06-19
2025-06-19 09:29:36.727658,1280.0,4,1280.0,140,1285.0,233,2,2454,2025-06-19
2025-06-19 09:29:36.758384,1280.0,1,1280.0,139,1285.0,233,2,2454,2025-06-19
2025-06-19 09:29:37.506045,1280.0,1,1280.0,138,1285.0,233,2,2454,2025-06-19
2025-06-19 09:29:37.827380,1280.0,4,1280.0,134,1285.0,233,2,2454,2025-06-19
2025-06-19 09:29:37.865132,1280.0,6,1280.0,127,1285.0,245,2,2454,2025-06-19
2025-06-19 09:29:37.976959,1280.0,3,1280.0,124,1285.0,242,2,2454,2025-06-19
2025-06-19 09:29:38.249354,1280.0,2,1280.0,122,1285.0,242,2,2454,2025-06-19
2025-06-19 09:29:39.177253,1285.0,2,1280.0,122,1285.0,240,1,2454,2025-06-19
2025-06-19 09:29:39.342972,1280.0,5,1280.0,117,1285.0,223,2,2454,2025-06-19
2025-06-19 09:29:39.874576,1280.0,1,1280.0,116,1285.0,224,2,2454,2025-06-19
2025-06-19 09:29:39.928369,1280.0,1,1280.0,115,1285.0,224,2,2454,2025-06-19
2025-06-19 09:29:40.626312,1280.0,1,1280.0,114,1285.0,224,2,2454,2025-06-19
2025-06-19 09:29:40.782108,1280.0,2,1280.0,112,1285.0,222,2,2454,2025-06-19
2025-06-19 09:29:40.869447,1280.0,1,1280.0,111,1285.0,222,2,2454,2025-06-19
2025-06-19 09:29:42.968633,1280.0,3,1280.0,109,1285.0,222,2,2454,2025-06-19
2025-06-19 09:29:43.694507,1280.0,1,1280.0,108,1285.0,223,2,2454,2025-06-19
2025-06-19 09:29:45.511167,1280.0,1,1280.0,108,1285.0,222,2,2454,2025-06-19
2025-06-19 09:29:45.511671,1280.0,1,1280.0,107,1285.0,222,2,2454,2025-06-19
2025-06-19 09:29:45.669083,1280.0,3,1280.0,104,1285.0,219,2,2454,2025-06-19
2025-06-19 09:29:46.261939,1280.0,1,1280.0,103,1285.0,221,2,2454,2025-06-19
2025-06-19 09:29:47.971187,1280.0,1,1280.0,102,1285.0,221,2,2454,2025-06-19
2025-06-19 09:29:48.313456,1280.0,1,1280.0,101,1285.0,221,2,2454,2025-06-19
2025-06-19 09:29:51.057000,1285.0,1,1280.0,101,1285.0,226,1,2454,2025-06-19
2025-06-19 09:29:51.104601,1280.0,2,1280.0,99,1285.0,226,2,2454,2025-06-19
2025-06-19 09:29:51.218376,1280.0,1,1280.0,98,1285.0,225,2,2454,2025-06-19
2025-06-19 09:29:52.010864,1280.0,1,1280.0,97,1285.0,225,2,2454,2025-06-19
2025-06-19 09:29:53.844188,1280.0,1,1280.0,96,1285.0,225,2,2454,2025-06-19
2025-06-19 09:29:54.014518,1280.0,2,1280.0,94,1285.0,223,2,2454,2025-06-19
2025-06-19 09:29:54.493112,1280.0,1,1280.0,93,1285.0,222,2,2454,2025-06-19
2025-06-19 09:29:54.980071,1280.0,5,1280.0,88,1285.0,217,2,2454,2025-06-19
2025-06-19 09:29:55.161650,1280.0,1,1280.0,87,1285.0,216,2,2454,2025-06-19
2025-06-19 09:29:55.263618,1280.0,1,1280.0,86,1285.0,216,2,2454,2025-06-19
2025-06-19 09:29:59.723341,1280.0,3,1280.0,83,1285.0,197,2,2454,2025-06-19
2025-06-19 09:30:00.487050,1280.0,1,1280.0,82,1285.0,200,2,2454,2025-06-19
2025-06-19 09:30:03.662741,1280.0,1,1280.0,82,1285.0,223,2,2454,2025-06-19
2025-06-19 09:30:11.224489,1280.0,1,1280.0,81,1285.0,226,2,2454,2025-06-19
2025-06-19 09:30:11.334389,1280.0,1,1280.0,80,1285.0,226,2,2454,2025-06-19
2025-06-19 09:30:14.580874,1280.0,2,1280.0,77,1285.0,227,2,2454,2025-06-19
2025-06-19 09:30:15.363913,1280.0,1,1280.0,76,1285.0,216,2,2454,2025-06-19
2025-06-19 09:30:17.222109,1280.0,2,1280.0,74,1285.0,214,2,2454,2025-06-19
2025-06-19 09:30:19.243544,1280.0,1,1280.0,71,1285.0,214,2,2454,2025-06-19
2025-06-19 09:30:21.438248,1280.0,1,1280.0,70,1285.0,214,2,2454,2025-06-19
2025-06-19 09:30:22.211360,1280.0,1,1280.0,69,1285.0,215,2,2454,2025-06-19
2025-06-19 09:30:31.031114,1285.0,1,1280.0,69,1285.0,212,1,2454,2025-06-19
2025-06-19 09:30:31.252688,1280.0,1,1280.0,68,1285.0,211,2,2454,2025-06-19
2025-06-19 09:30:37.876438,1280.0,1,1280.0,66,1285.0,211,2,2454,2025-06-19
2025-06-19 09:30:39.319254,1280.0,1,1280.0,65,1285.0,210,2,2454,2025-06-19
2025-06-19 09:30:50.134930,1280.0,1,1280.0,64,1285.0,213,2,2454,2025-06-19
2025-06-19 09:30:50.920765,1280.0,1,1280.0,63,1285.0,213,2,2454,2025-06-19
2025-06-19 09:30:51.685019,1280.0,1,1280.0,62,1285.0,213,2,2454,2025-06-19
2025-06-19 09:30:55.438102,1280.0,1,1280.0,62,1285.0,213,2,2454,2025-06-19
2025-06-19 09:30:55.902916,1280.0,1,1280.0,61,1285.0,213,2,2454,2025-06-19
2025-06-19 09:30:59.479220,1280.0,3,1280.0,60,1285.0,217,2,2454,2025-06-19
2025-06-19 09:31:01.049015,1280.0,2,1280.0,58,1285.0,218,2,2454,2025-06-19
2025-06-19 09:31:01.789611,1280.0,1,1280.0,57,1285.0,218,2,2454,2025-06-19
2025-06-19 09:31:11.038322,1285.0,1,1280.0,58,1285.0,220,1,2454,2025-06-19
2025-06-19 09:31:11.178096,1280.0,1,1280.0,57,1285.0,218,2,2454,2025-06-19
2025-06-19 09:31:22.357317,1280.0,1,1280.0,58,1285.0,219,2,2454,2025-06-19
2025-06-19 09:31:22.849576,1280.0,1,1280.0,57,1285.0,219,2,2454,2025-06-19
2025-06-19 09:31:23.104547,1280.0,1,1280.0,56,1285.0,219,2,2454,2025-06-19
2025-06-19 09:31:26.435714,1280.0,2,1280.0,54,1285.0,216,2,2454,2025-06-19
2025-06-19 09:31:26.436854,1280.0,1,1280.0,53,1285.0,216,2,2454,2025-06-19
2025-06-19 09:31:26.455165,1280.0,9,1280.0,44,1285.0,216,2,2454,2025-06-19
2025-06-19 09:31:27.221668,1280.0,1,1280.0,43,1285.0,214,2,2454,2025-06-19
2025-06-19 09:31:27.969908,1280.0,1,1280.0,41,1285.0,213,2,2454,2025-06-19
2025-06-19 09:31:28.697697,1280.0,1,1280.0,40,1285.0,213,2,2454,2025-06-19
2025-06-19 09:31:36.248377,1280.0,1,1280.0,39,1285.0,213,2,2454,2025-06-19
2025-06-19 09:31:38.110613,1280.0,3,1280.0,37,1285.0,212,2,2454,2025-06-19
2025-06-19 09:31:38.853734,1280.0,1,1280.0,35,1285.0,211,2,2454,2025-06-19
2025-06-19 09:31:39.792094,1280.0,1,1280.0,34,1285.0,211,2,2454,2025-06-19
2025-06-19 09:31:45.025969,1280.0,1,1280.0,33,1285.0,211,2,2454,2025-06-19
2025-06-19 09:31:51.135123,1285.0,1,1280.0,34,1285.0,210,1,2454,2025-06-19
2025-06-19 09:31:54.991027,1280.0,4,1280.0,33,1285.0,211,2,2454,2025-06-19
2025-06-19 09:31:55.770339,1280.0,1,1280.0,30,1285.0,210,2,2454,2025-06-19
2025-06-19 09:32:01.230641,1280.0,1,1280.0,35,1285.0,209,2,2454,2025-06-19
2025-06-19 09:32:02.719926,1280.0,2,1280.0,33,1285.0,209,2,2454,2025-06-19
2025-06-19 09:32:03.900137,1280.0,1,1280.0,32,1285.0,207,2,2454,2025-06-19
2025-06-19 09:32:05.529741,1280.0,1,1280.0,31,1285.0,207,2,2454,2025-06-19
2025-06-19 09:32:06.288458,1280.0,1,1280.0,31,1285.0,206,2,2454,2025-06-19
2025-06-19 09:32:06.711470,1280.0,2,1280.0,29,1285.0,212,2,2454,2025-06-19
2025-06-19 09:32:11.986946,1280.0,1,1280.0,26,1285.0,213,2,2454,2025-06-19
2025-06-19 09:32:12.996218,1280.0,2,1280.0,25,1285.0,213,2,2454,2025-06-19
2025-06-19 09:32:14.254866,1280.0,1,1280.0,23,1285.0,213,2,2454,2025-06-19
2025-06-19 09:32:31.038101,1285.0,1,1280.0,25,1285.0,215,1,2454,2025-06-19
2025-06-19 09:32:32.513624,1280.0,1,1280.0,28,1285.0,215,2,2454,2025-06-19
2025-06-19 09:32:33.443037,1280.0,1,1280.0,27,1285.0,214,2,2454,2025-06-19
2025-06-19 09:32:38.807573,1280.0,1,1280.0,26,1285.0,214,2,2454,2025-06-19
2025-06-19 09:32:40.937191,1280.0,1,1280.0,25,1285.0,215,2,2454,2025-06-19
2025-06-19 09:32:55.223833,1280.0,2,1280.0,49,1285.0,192,2,2454,2025-06-19
2025-06-19 09:32:57.506340,1280.0,2,1280.0,60,1285.0,186,2,2454,2025-06-19
2025-06-19 09:33:09.123557,1280.0,1,1280.0,60,1285.0,187,2,2454,2025-06-19
2025-06-19 09:33:11.023465,1285.0,1,1280.0,60,1285.0,186,1,2454,2025-06-19
2025-06-19 09:33:17.882798,1280.0,1,1280.0,94,1285.0,187,2,2454,2025-06-19
2025-06-19 09:33:23.560774,1280.0,1,1280.0,100,1285.0,189,2,2454,2025-06-19
2025-06-19 09:33:25.048449,1280.0,2,1280.0,98,1285.0,189,2,2454,2025-06-19
2025-06-19 09:33:51.055965,1285.0,1,1280.0,108,1285.0,190,1,2454,2025-06-19
2025-06-19 09:33:56.947088,1280.0,1,1280.0,108,1285.0,189,2,2454,2025-06-19
2025-06-19 09:34:30.198188,1285.0,1,1280.0,111,1285.0,197,1,2454,2025-06-19
2025-06-19 09:34:35.821375,1280.0,1,1280.0,111,1285.0,198,2,2454,2025-06-19
2025-06-19 09:34:37.104216,1280.0,2,1280.0,109,1285.0,198,2,2454,2025-06-19
2025-06-19 09:34:57.051231,1280.0,1,1280.0,104,1285.0,207,2,2454,2025-06-19
2025-06-19 09:35:10.013769,1285.0,1,1280.0,109,1285.0,218,1,2454,2025-06-19
2025-06-19 09:35:15.289393,1280.0,1,1280.0,108,1285.0,209,2,2454,2025-06-19
2025-06-19 09:35:24.676870,1280.0,2,1280.0,107,1285.0,222,2,2454,2025-06-19
2025-06-19 09:35:49.870915,1280.0,2,1280.0,105,1285.0,214,2,2454,2025-06-19
2025-06-19 09:35:50.020468,1285.0,1,1280.0,105,1285.0,213,1,2454,2025-06-19
2025-06-19 09:35:53.760513,1280.0,1,1280.0,104,1285.0,216,2,2454,2025-06-19
2025-06-19 09:35:57.330652,1280.0,1,1280.0,105,1285.0,216,2,2454,2025-06-19
2025-06-19 09:35:57.473279,1280.0,1,1280.0,104,1285.0,215,2,2454,2025-06-19
2025-06-19 09:36:09.766783,1280.0,1,1280.0,105,1285.0,205,2,2454,2025-06-19
2025-06-19 09:36:09.847589,1280.0,2,1280.0,104,1285.0,202,2,2454,2025-06-19
2025-06-19 09:36:30.033137,1285.0,1,1280.0,108,1285.0,216,1,2454,2025-06-19
2025-06-19 09:36:32.806770,1280.0,1,1280.0,106,1285.0,217,2,2454,2025-06-19
2025-06-19 09:36:45.364208,1280.0,1,1280.0,105,1285.0,217,2,2454,2025-06-19
2025-06-19 09:36:53.289625,1280.0,1,1280.0,105,1285.0,217,2,2454,2025-06-19
2025-06-19 09:37:01.913946,1280.0,2,1280.0,113,1285.0,222,2,2454,2025-06-19
2025-06-19 09:37:10.151748,1285.0,1,1280.0,114,1285.0,221,1,2454,2025-06-19
2025-06-19 09:37:11.871081,1280.0,1,1280.0,113,1285.0,221,2,2454,2025-06-19
2025-06-19 09:37:26.134172,1280.0,1,1280.0,112,1285.0,221,2,2454,2025-06-19
2025-06-19 09:37:50.014761,1285.0,1,1280.0,116,1285.0,217,1,2454,2025-06-19
2025-06-19 09:37:50.759094,1280.0,1,1280.0,116,1285.0,217,2,2454,2025-06-19
2025-06-19 09:38:14.153938,1280.0,2,1280.0,116,1285.0,218,2,2454,2025-06-19
2025-06-19 09:38:29.830796,1280.0,1,1280.0,115,1285.0,222,2,2454,2025-06-19
2025-06-19 09:38:30.044071,1285.0,1,1280.0,115,1285.0,221,1,2454,2025-06-19
2025-06-19 09:38:31.879560,1280.0,1,1280.0,114,1285.0,221,2,2454,2025-06-19
2025-06-19 09:38:48.101529,1280.0,1,1280.0,114,1285.0,221,2,2454,2025-06-19
2025-06-19 09:38:53.800267,1280.0,5,1280.0,109,1285.0,223,2,2454,2025-06-19
2025-06-19 09:38:58.738627,1285.0,1,1280.0,108,1285.0,235,1,2454,2025-06-19
2025-06-19 09:39:00.518769,1280.0,2,1280.0,106,1285.0,236,2,2454,2025-06-19
2025-06-19 09:39:05.933946,1280.0,5,1280.0,101,1285.0,223,2,2454,2025-06-19
2025-06-19 09:39:08.514569,1285.0,1,1280.0,98,1285.0,224,1,2454,2025-06-19
2025-06-19 09:39:08.914232,1280.0,1,1280.0,97,1285.0,224,2,2454,2025-06-19
2025-06-19 09:39:10.023363,1285.0,1,1280.0,97,1285.0,223,1,2454,2025-06-19
2025-06-19 09:39:11.385274,1280.0,3,1280.0,93,1285.0,243,2,2454,2025-06-19
2025-06-19 09:39:25.423251,1280.0,5,1280.0,104,1285.0,221,2,2454,2025-06-19
2025-06-19 09:39:25.986744,1280.0,2,1280.0,102,1285.0,221,2,2454,2025-06-19
2025-06-19 09:39:32.327887,1280.0,1,1280.0,99,1285.0,244,2,2454,2025-06-19
2025-06-19 09:39:32.510451,1285.0,1,1280.0,99,1285.0,244,1,2454,2025-06-19
2025-06-19 09:39:47.781468,1280.0,1,1280.0,100,1285.0,256,2,2454,2025-06-19
2025-06-19 09:39:50.172219,1285.0,1,1280.0,101,1285.0,255,1,2454,2025-06-19
2025-06-19 09:39:51.520120,1280.0,1,1280.0,100,1285.0,255,2,2454,2025-06-19
2025-06-19 09:40:07.303278,1280.0,1,1280.0,106,1285.0,255,2,2454,2025-06-19
2025-06-19 09:40:25.848209,1280.0,1,1280.0,109,1285.0,220,2,2454,2025-06-19
2025-06-19 09:40:27.393774,1280.0,1,1280.0,108,1285.0,220,2,2454,2025-06-19
2025-06-19 09:40:30.017855,1285.0,1,1280.0,108,1285.0,219,1,2454,2025-06-19
2025-06-19 09:40:38.951559,1280.0,2,1280.0,113,1285.0,218,2,2454,2025-06-19
2025-06-19 09:40:47.893880,1285.0,1,1280.0,113,1285.0,217,1,2454,2025-06-19
2025-06-19 09:41:01.472613,1280.0,1,1280.0,112,1285.0,221,2,2454,2025-06-19
2025-06-19 09:41:04.912743,1280.0,1,1280.0,111,1285.0,217,2,2454,2025-06-19
2025-06-19 09:41:10.021917,1285.0,1,1280.0,112,1285.0,221,1,2454,2025-06-19
2025-06-19 09:41:27.518315,1280.0,1,1280.0,112,1285.0,225,2,2454,2025-06-19
2025-06-19 09:41:27.553056,1280.0,1,1280.0,111,1285.0,225,2,2454,2025-06-19
2025-06-19 09:41:29.603979,1280.0,1,1280.0,110,1285.0,225,2,2454,2025-06-19
2025-06-19 09:41:29.627755,1280.0,1,1280.0,109,1285.0,225,2,2454,2025-06-19
2025-06-19 09:41:29.682671,1280.0,1,1280.0,101,1285.0,225,2,2454,2025-06-19
2025-06-19 09:41:29.686997,1280.0,1,1280.0,100,1285.0,225,2,2454,2025-06-19
2025-06-19 09:41:29.722950,1280.0,1,1280.0,99,1285.0,225,2,2454,2025-06-19
2025-06-19 09:41:29.732096,1280.0,1,1280.0,98,1285.0,225,2,2454,2025-06-19
2025-06-19 09:41:29.810302,1280.0,1,1280.0,97,1285.0,225,2,2454,2025-06-19
2025-06-19 09:41:29.818559,1280.0,1,1280.0,96,1285.0,225,2,2454,2025-06-19
2025-06-19 09:41:29.823317,1280.0,1,1280.0,95,1285.0,225,2,2454,2025-06-19
2025-06-19 09:41:29.908298,1280.0,2,1280.0,89,1285.0,244,2,2454,2025-06-19
2025-06-19 09:41:32.222684,1280.0,1,1280.0,90,1285.0,247,2,2454,2025-06-19
2025-06-19 09:41:34.825561,1280.0,15,1280.0,74,1285.0,247,2,2454,2025-06-19
2025-06-19 09:41:36.995308,1280.0,5,1280.0,68,1285.0,247,2,2454,2025-06-19
2025-06-19 09:41:43.804526,1280.0,1,1280.0,67,1285.0,247,2,2454,2025-06-19
2025-06-19 09:41:47.594030,1280.0,11,1280.0,56,1285.0,248,2,2454,2025-06-19
2025-06-19 09:41:47.648182,1280.0,3,1280.0,53,1285.0,245,2,2454,2025-06-19
2025-06-19 09:41:49.091366,1280.0,1,1280.0,53,1285.0,245,2,2454,2025-06-19
2025-06-19 09:41:50.033036,1285.0,1,1280.0,53,1285.0,244,1,2454,2025-06-19
2025-06-19 09:41:50.828872,1280.0,2,1280.0,51,1285.0,244,2,2454,2025-06-19
2025-06-19 09:42:03.454413,1280.0,1,1280.0,50,1285.0,246,2,2454,2025-06-19
2025-06-19 09:42:07.472151,1280.0,1,1280.0,50,1285.0,248,2,2454,2025-06-19
2025-06-19 09:42:08.580614,1280.0,1,1280.0,49,1285.0,248,2,2454,2025-06-19
2025-06-19 09:42:15.824979,1280.0,1,1280.0,48,1285.0,245,2,2454,2025-06-19
2025-06-19 09:42:21.437292,1280.0,1,1280.0,51,1285.0,250,2,2454,2025-06-19
2025-06-19 09:42:21.808698,1280.0,1,1280.0,50,1285.0,250,2,2454,2025-06-19
2025-06-19 09:42:22.898527,1280.0,1,1280.0,49,1285.0,252,2,2454,2025-06-19
2025-06-19 09:42:23.463126,1280.0,1,1280.0,48,1285.0,251,2,2454,2025-06-19
2025-06-19 09:42:30.017982,1285.0,1,1280.0,48,1285.0,253,1,2454,2025-06-19
2025-06-19 09:42:31.183298,1280.0,1,1280.0,47,1285.0,252,2,2454,2025-06-19
2025-06-19 09:42:41.383457,1280.0,1,1280.0,46,1285.0,254,2,2454,2025-06-19
2025-06-19 09:42:41.410354,1280.0,46,1275.0,447,1285.0,254,2,2454,2025-06-19
2025-06-19 09:42:42.218640,1280.0,1,1275.0,451,1280.0,15,1,2454,2025-06-19
2025-06-19 09:42:42.960679,1280.0,6,1275.0,445,1280.0,14,1,2454,2025-06-19
2025-06-19 09:42:43.740075,1280.0,2,1275.0,445,1280.0,31,1,2454,2025-06-19
2025-06-19 09:42:49.705356,1275.0,3,1275.0,447,1280.0,76,2,2454,2025-06-19
2025-06-19 09:42:50.075438,1280.0,2,1275.0,445,1280.0,75,1,2454,2025-06-19
2025-06-19 09:43:01.933845,1275.0,1,1275.0,445,1280.0,80,2,2454,2025-06-19
2025-06-19 09:43:03.027917,1275.0,2,1275.0,434,1280.0,81,2,2454,2025-06-19
2025-06-19 09:43:03.206564,1280.0,1,1275.0,434,1280.0,80,1,2454,2025-06-19
2025-06-19 09:43:03.223607,1280.0,1,1275.0,434,1280.0,79,1,2454,2025-06-19
2025-06-19 09:43:03.783340,1280.0,3,1275.0,431,1280.0,76,1,2454,2025-06-19
2025-06-19 09:43:10.017018,1280.0,1,1275.0,431,1280.0,76,1,2454,2025-06-19
2025-06-19 09:43:18.309301,1275.0,1,1275.0,428,1280.0,78,2,2454,2025-06-19
2025-06-19 09:43:40.885654,1275.0,1,1275.0,438,1280.0,82,2,2454,2025-06-19
2025-06-19 09:43:46.716021,1280.0,1,1275.0,452,1280.0,82,1,2454,2025-06-19
2025-06-19 09:43:46.837128,1275.0,1,1275.0,451,1280.0,82,2,2454,2025-06-19
2025-06-19 09:43:50.016668,1280.0,1,1275.0,451,1280.0,82,1,2454,2025-06-19
2025-06-19 09:43:50.023987,1280.0,1,1275.0,451,1280.0,81,1,2454,2025-06-19
2025-06-19 09:43:50.769078,1280.0,2,1275.0,449,1280.0,79,1,2454,2025-06-19
2025-06-19 09:43:55.201320,1275.0,1,1275.0,447,1280.0,76,2,2454,2025-06-19
2025-06-19 09:44:00.655636,1280.0,1,1275.0,446,1280.0,76,1,2454,2025-06-19
2025-06-19 09:44:00.906611,1280.0,1,1275.0,446,1280.0,75,1,2454,2025-06-19
2025-06-19 09:44:01.442884,1280.0,1,1275.0,445,1280.0,74,1,2454,2025-06-19
2025-06-19 09:44:14.091013,1280.0,1,1275.0,445,1280.0,73,1,2454,2025-06-19
2025-06-19 09:44:14.913853,1275.0,2,1275.0,443,1280.0,73,2,2454,2025-06-19
2025-06-19 09:44:16.076074,1280.0,1,1275.0,444,1280.0,72,1,2454,2025-06-19
2025-06-19 09:44:19.876883,1275.0,1,1275.0,445,1280.0,72,2,2454,2025-06-19
2025-06-19 09:44:30.044073,1280.0,1,1275.0,444,1280.0,71,1,2454,2025-06-19
2025-06-19 09:44:30.844430,1280.0,2,1275.0,442,1280.0,69,1,2454,2025-06-19
2025-06-19 09:44:44.839876,1275.0,2,1275.0,443,1280.0,72,2,2454,2025-06-19
2025-06-19 09:44:51.674681,1280.0,1,1275.0,445,1280.0,71,1,2454,2025-06-19
2025-06-19 09:44:51.725382,1280.0,1,1275.0,444,1280.0,71,1,2454,2025-06-19
2025-06-19 09:44:51.741466,1280.0,1,1275.0,443,1280.0,70,1,2454,2025-06-19
2025-06-19 09:44:52.429361,1280.0,2,1275.0,440,1280.0,68,1,2454,2025-06-19
2025-06-19 09:44:53.034517,1280.0,1,1275.0,440,1280.0,67,1,2454,2025-06-19
2025-06-19 09:44:58.944417,1275.0,1,1275.0,440,1280.0,80,2,2454,2025-06-19
2025-06-19 09:45:03.370824,1280.0,2,1275.0,436,1280.0,78,1,2454,2025-06-19
2025-06-19 09:45:04.145749,1280.0,1,1275.0,435,1280.0,77,1,2454,2025-06-19
2025-06-19 09:45:10.033026,1280.0,1,1275.0,437,1280.0,67,1,2454,2025-06-19
2025-06-19 09:45:28.091100,1275.0,2,1275.0,438,1280.0,74,2,2454,2025-06-19
2025-06-19 09:45:37.817815,1275.0,1,1275.0,437,1280.0,87,2,2454,2025-06-19
2025-06-19 09:45:50.022997,1280.0,1,1275.0,436,1280.0,76,1,2454,2025-06-19
2025-06-19 09:46:16.885920,1275.0,1,1275.0,438,1280.0,79,2,2454,2025-06-19
2025-06-19 09:46:20.398871,1280.0,1,1275.0,439,1280.0,78,1,2454,2025-06-19
2025-06-19 09:46:21.003083,1280.0,1,1275.0,439,1280.0,77,1,2454,2025-06-19
2025-06-19 09:46:21.116276,1280.0,2,1275.0,437,1280.0,76,1,2454,2025-06-19
2025-06-19 09:46:30.037403,1280.0,1,1275.0,437,1280.0,75,1,2454,2025-06-19
2025-06-19 09:46:40.004912,1275.0,2,1275.0,435,1280.0,77,2,2454,2025-06-19
2025-06-19 09:46:55.948623,1275.0,1,1275.0,433,1280.0,83,2,2454,2025-06-19
2025-06-19 09:47:10.035845,1280.0,1,1275.0,433,1280.0,87,1,2454,2025-06-19
2025-06-19 09:47:14.155727,1280.0,1,1275.0,432,1280.0,90,1,2454,2025-06-19
2025-06-19 09:47:14.898028,1280.0,2,1275.0,430,1280.0,88,1,2454,2025-06-19
2025-06-19 09:47:26.279448,1280.0,1,1275.0,430,1280.0,92,1,2454,2025-06-19
2025-06-19 09:47:26.852570,1280.0,1,1275.0,430,1280.0,91,1,2454,2025-06-19
2025-06-19 09:47:27.053444,1280.0,1,1275.0,429,1280.0,90,1,2454,2025-06-19
2025-06-19 09:47:34.830700,1275.0,1,1275.0,428,1280.0,92,2,2454,2025-06-19
2025-06-19 09:47:50.024795,1280.0,1,1275.0,429,1280.0,92,1,2454,2025-06-19
2025-06-19 09:47:51.982028,1275.0,2,1275.0,427,1280.0,92,2,2454,2025-06-19
2025-06-19 09:47:53.201538,1275.0,1,1275.0,426,1280.0,92,2,2454,2025-06-19
2025-06-19 09:48:12.931332,1275.0,1,1275.0,426,1280.0,103,2,2454,2025-06-19
2025-06-19 09:48:30.035130,1280.0,1,1275.0,423,1280.0,107,1,2454,2025-06-19
2025-06-19 09:48:51.964366,1275.0,1,1275.0,422,1280.0,109,2,2454,2025-06-19
2025-06-19 09:49:05.049393,1275.0,2,1275.0,421,1280.0,107,2,2454,2025-06-19
2025-06-19 09:49:07.960660,1275.0,1,1275.0,420,1280.0,105,2,2454,2025-06-19
2025-06-19 09:49:09.085709,1280.0,1,1275.0,420,1280.0,104,1,2454,2025-06-19
2025-06-19 09:49:10.025004,1280.0,1,1275.0,420,1280.0,103,1,2454,2025-06-19
2025-06-19 09:49:15.721956,1280.0,1,1275.0,419,1280.0,101,1,2454,2025-06-19
2025-06-19 09:49:16.503210,1280.0,4,1275.0,415,1280.0,101,1,2454,2025-06-19
2025-06-19 09:49:31.036854,1275.0,1,1275.0,416,1280.0,100,2,2454,2025-06-19
2025-06-19 09:49:43.209410,1275.0,1,1275.0,413,1280.0,89,2,2454,2025-06-19
2025-06-19 09:49:44.360887,1280.0,1,1275.0,413,1280.0,90,1,2454,2025-06-19
2025-06-19 09:49:50.024759,1280.0,1,1275.0,413,1280.0,89,1,2454,2025-06-19
2025-06-19 09:50:09.896854,1275.0,1,1275.0,413,1280.0,88,2,2454,2025-06-19
2025-06-19 09:50:10.996489,1280.0,1,1275.0,413,1280.0,92,1,2454,2025-06-19
2025-06-19 09:50:13.506919,1275.0,1,1275.0,411,1280.0,91,2,2454,2025-06-19
2025-06-19 09:50:17.016320,1275.0,2,1275.0,409,1280.0,94,2,2454,2025-06-19
2025-06-19 09:50:26.221070,1280.0,1,1275.0,410,1280.0,97,1,2454,2025-06-19
2025-06-19 09:50:27.019578,1280.0,3,1275.0,407,1280.0,93,1,2454,2025-06-19
2025-06-19 09:50:28.725149,1280.0,1,1275.0,406,1280.0,91,1,2454,2025-06-19
2025-06-19 09:50:30.162842,1280.0,1,1275.0,406,1280.0,90,1,2454,2025-06-19
2025-06-19 09:50:31.173585,1280.0,1,1275.0,406,1280.0,89,1,2454,2025-06-19
2025-06-19 09:50:31.911122,1280.0,2,1275.0,404,1280.0,87,1,2454,2025-06-19
2025-06-19 09:50:31.975091,1280.0,1,1275.0,404,1280.0,86,1,2454,2025-06-19
2025-06-19 09:50:32.587748,1280.0,1,1275.0,404,1280.0,81,1,2454,2025-06-19
2025-06-19 09:50:48.229572,1280.0,5,1275.0,405,1280.0,75,1,2454,2025-06-19
2025-06-19 09:50:48.254388,1280.0,1,1275.0,404,1280.0,74,1,2454,2025-06-19
2025-06-19 09:50:48.270990,1280.0,1,1275.0,403,1280.0,73,1,2454,2025-06-19
2025-06-19 09:50:48.289398,1280.0,6,1275.0,403,1280.0,67,1,2454,2025-06-19
2025-06-19 09:50:48.967266,1280.0,4,1275.0,403,1280.0,62,1,2454,2025-06-19
2025-06-19 09:50:48.980559,1280.0,1,1275.0,403,1280.0,61,1,2454,2025-06-19
2025-06-19 09:50:48.993389,1275.0,1,1275.0,402,1280.0,61,2,2454,2025-06-19
2025-06-19 09:50:49.019317,1275.0,1,1275.0,402,1280.0,59,2,2454,2025-06-19
2025-06-19 09:50:49.387856,1280.0,1,1275.0,396,1280.0,60,1,2454,2025-06-19
2025-06-19 09:50:49.749341,1280.0,2,1275.0,394,1280.0,59,1,2454,2025-06-19
2025-06-19 09:50:50.448131,1280.0,1,1275.0,394,1280.0,58,1,2454,2025-06-19
2025-06-19 09:50:51.890528,1275.0,1,1275.0,393,1280.0,58,2,2454,2025-06-19
2025-06-19 09:51:10.037577,1280.0,1,1275.0,399,1280.0,60,1,2454,2025-06-19
2025-06-19 09:51:15.482920,1275.0,1,1275.0,398,1280.0,63,2,2454,2025-06-19
2025-06-19 09:51:20.269454,1280.0,1,1275.0,402,1280.0,62,1,2454,2025-06-19
2025-06-19 09:51:20.322350,1280.0,1,1275.0,401,1280.0,61,1,2454,2025-06-19
2025-06-19 09:51:27.829401,1275.0,1,1275.0,400,1280.0,63,2,2454,2025-06-19
2025-06-19 09:51:28.878724,1275.0,2,1275.0,398,1280.0,63,2,2454,2025-06-19
2025-06-19 09:51:28.940884,1275.0,2,1275.0,396,1280.0,61,2,2454,2025-06-19
2025-06-19 09:51:29.009571,1275.0,2,1275.0,396,1280.0,61,2,2454,2025-06-19
2025-06-19 09:51:29.996980,1280.0,1,1275.0,394,1280.0,60,1,2454,2025-06-19
2025-06-19 09:51:50.017836,1280.0,1,1275.0,400,1280.0,62,1,2454,2025-06-19
2025-06-19 09:51:50.798499,1280.0,4,1275.0,396,1280.0,58,1,2454,2025-06-19
2025-06-19 09:51:56.945804,1275.0,1,1275.0,395,1280.0,58,2,2454,2025-06-19
2025-06-19 09:52:06.900684,1275.0,1,1275.0,393,1280.0,58,2,2454,2025-06-19
2025-06-19 09:52:25.590875,1275.0,1,1275.0,392,1280.0,58,2,2454,2025-06-19
2025-06-19 09:52:30.020375,1280.0,1,1275.0,392,1280.0,59,1,2454,2025-06-19
2025-06-19 09:52:41.031776,1275.0,2,1275.0,390,1280.0,61,2,2454,2025-06-19
2025-06-19 09:52:42.252313,1280.0,1,1275.0,390,1280.0,60,1,2454,2025-06-19
2025-06-19 09:52:45.773362,1275.0,1,1275.0,390,1280.0,60,2,2454,2025-06-19
2025-06-19 09:53:10.030203,1280.0,1,1275.0,391,1280.0,61,1,2454,2025-06-19
2025-06-19 09:53:24.828251,1275.0,1,1275.0,390,1280.0,64,2,2454,2025-06-19
2025-06-19 09:53:33.917829,1275.0,1,1275.0,389,1280.0,66,2,2454,2025-06-19
2025-06-19 09:53:45.307579,1275.0,1,1275.0,388,1280.0,69,2,2454,2025-06-19
2025-06-19 09:53:50.033065,1280.0,1,1275.0,376,1280.0,62,1,2454,2025-06-19
2025-06-19 09:53:53.914233,1275.0,2,1275.0,374,1280.0,62,2,2454,2025-06-19
2025-06-19 09:54:03.912206,1275.0,1,1275.0,373,1280.0,63,2,2454,2025-06-19
2025-06-19 09:54:06.446327,1280.0,1,1275.0,372,1280.0,61,1,2454,2025-06-19
2025-06-19 09:54:08.916832,1280.0,1,1275.0,372,1280.0,61,1,2454,2025-06-19
2025-06-19 09:54:09.686484,1280.0,1,1275.0,379,1280.0,62,1,2454,2025-06-19
2025-06-19 09:54:09.707834,1280.0,5,1275.0,374,1280.0,57,1,2454,2025-06-19
2025-06-19 09:54:19.448208,1280.0,1,1275.0,372,1280.0,59,1,2454,2025-06-19
2025-06-19 09:54:26.725527,1275.0,1,1275.0,371,1280.0,93,2,2454,2025-06-19
2025-06-19 09:54:30.040952,1280.0,1,1275.0,364,1280.0,95,1,2454,2025-06-19
2025-06-19 09:54:30.840924,1280.0,2,1275.0,362,1280.0,93,1,2454,2025-06-19
2025-06-19 09:54:42.974769,1275.0,1,1275.0,368,1280.0,95,2,2454,2025-06-19
2025-06-19 09:55:06.088613,1275.0,2,1275.0,354,1280.0,103,2,2454,2025-06-19
2025-06-19 09:55:07.221662,1280.0,1,1275.0,354,1280.0,102,1,2454,2025-06-19
2025-06-19 09:55:10.040948,1280.0,1,1275.0,353,1280.0,101,1,2454,2025-06-19
2025-06-19 09:55:20.435921,1275.0,1,1275.0,351,1280.0,101,2,2454,2025-06-19
2025-06-19 09:55:21.888394,1275.0,1,1275.0,350,1280.0,102,2,2454,2025-06-19
2025-06-19 09:55:23.591373,1275.0,1,1275.0,349,1280.0,106,2,2454,2025-06-19
2025-06-19 09:55:28.105951,1280.0,1,1275.0,349,1280.0,109,1,2454,2025-06-19
2025-06-19 09:55:50.039647,1280.0,1,1275.0,358,1280.0,156,1,2454,2025-06-19
2025-06-19 09:55:58.425121,1275.0,1,1275.0,360,1280.0,149,2,2454,2025-06-19
2025-06-19 09:56:01.048931,1275.0,1,1275.0,358,1280.0,149,2,2454,2025-06-19
2025-06-19 09:56:01.421777,1275.0,1,1275.0,358,1280.0,153,2,2454,2025-06-19
2025-06-19 09:56:17.994850,1275.0,2,1275.0,355,1280.0,167,2,2454,2025-06-19
2025-06-19 09:56:19.219249,1280.0,1,1275.0,354,1280.0,166,1,2454,2025-06-19
2025-06-19 09:56:28.898239,1280.0,4,1275.0,352,1280.0,152,1,2454,2025-06-19
2025-06-19 09:56:29.662767,1280.0,6,1275.0,346,1280.0,152,1,2454,2025-06-19
2025-06-19 09:56:30.014632,1280.0,1,1275.0,346,1280.0,146,1,2454,2025-06-19
2025-06-19 09:56:30.380200,1280.0,1,1275.0,347,1280.0,145,1,2454,2025-06-19
2025-06-19 09:56:38.972361,1275.0,1,1275.0,345,1280.0,156,2,2454,2025-06-19
2025-06-19 09:56:42.510936,1275.0,1,1275.0,346,1280.0,155,2,2454,2025-06-19
2025-06-19 09:56:52.363502,1280.0,1,1275.0,346,1280.0,153,1,2454,2025-06-19
2025-06-19 09:56:53.140971,1280.0,2,1275.0,344,1280.0,151,1,2454,2025-06-19
2025-06-19 09:56:53.306784,1275.0,1,1275.0,343,1280.0,150,2,2454,2025-06-19
2025-06-19 09:56:56.166978,1275.0,1,1275.0,342,1280.0,148,2,2454,2025-06-19
2025-06-19 09:57:10.162636,1280.0,1,1275.0,341,1280.0,153,1,2454,2025-06-19
2025-06-19 09:57:15.477345,1275.0,1,1275.0,340,1280.0,152,2,2454,2025-06-19
2025-06-19 09:57:17.846125,1275.0,1,1275.0,339,1280.0,152,2,2454,2025-06-19
2025-06-19 09:57:29.896392,1275.0,2,1275.0,338,1280.0,153,2,2454,2025-06-19
2025-06-19 09:57:29.940050,1275.0,1,1275.0,337,1280.0,153,2,2454,2025-06-19
2025-06-19 09:57:31.084498,1280.0,1,1275.0,336,1280.0,152,1,2454,2025-06-19
2025-06-19 09:57:36.236694,1280.0,1,1275.0,337,1280.0,151,1,2454,2025-06-19
2025-06-19 09:57:36.933190,1275.0,1,1275.0,336,1280.0,150,2,2454,2025-06-19
2025-06-19 09:57:37.418860,1275.0,1,1275.0,335,1280.0,149,2,2454,2025-06-19
2025-06-19 09:57:50.048460,1280.0,1,1275.0,337,1280.0,148,1,2454,2025-06-19
2025-06-19 09:57:56.902431,1275.0,1,1275.0,337,1280.0,125,2,2454,2025-06-19
2025-06-19 09:58:15.254000,1280.0,1,1275.0,337,1280.0,117,1,2454,2025-06-19
2025-06-19 09:58:16.051489,1280.0,5,1275.0,341,1280.0,112,1,2454,2025-06-19
2025-06-19 09:58:16.774779,1280.0,1,1275.0,342,1280.0,107,1,2454,2025-06-19
2025-06-19 09:58:19.878232,1280.0,1,1275.0,341,1280.0,104,1,2454,2025-06-19
2025-06-19 09:58:30.028485,1280.0,1,1275.0,345,1280.0,100,1,2454,2025-06-19
2025-06-19 09:58:31.140890,1280.0,1,1275.0,345,1280.0,99,1,2454,2025-06-19
2025-06-19 09:58:35.835938,1275.0,1,1275.0,344,1280.0,97,2,2454,2025-06-19
2025-06-19 09:58:43.186688,1275.0,2,1275.0,343,1280.0,98,2,2454,2025-06-19
2025-06-19 09:58:51.291383,1275.0,1,1275.0,342,1280.0,100,2,2454,2025-06-19
2025-06-19 09:59:09.151136,1280.0,1,1275.0,342,1280.0,100,1,2454,2025-06-19
2025-06-19 09:59:14.863218,1275.0,1,1275.0,342,1280.0,103,2,2454,2025-06-19
2025-06-19 09:59:31.849112,1280.0,1,1275.0,344,1280.0,105,1,2454,2025-06-19
2025-06-19 09:59:32.507861,1280.0,1,1275.0,343,1280.0,104,1,2454,2025-06-19
2025-06-19 09:59:33.302698,1280.0,1,1275.0,342,1280.0,104,1,2454,2025-06-19
2025-06-19 09:59:35.908109,1280.0,1,1275.0,342,1280.0,103,1,2454,2025-06-19
2025-06-19 09:59:49.022650,1280.0,1,1275.0,342,1280.0,116,1,2454,2025-06-19
2025-06-19 09:59:53.922705,1275.0,1,1275.0,341,1280.0,120,2,2454,2025-06-19
2025-06-19 09:59:54.945161,1275.0,2,1275.0,339,1280.0,120,2,2454,2025-06-19
2025-06-19 10:00:07.843027,1280.0,1,1275.0,326,1280.0,182,1,2454,2025-06-19
2025-06-19 10:00:29.023497,1280.0,1,1275.0,325,1280.0,159,1,2454,2025-06-19
2025-06-19 10:00:32.833997,1275.0,1,1275.0,324,1280.0,158,2,2454,2025-06-19
2025-06-19 10:00:34.261802,1280.0,1,1275.0,324,1280.0,157,1,2454,2025-06-19
2025-06-19 10:01:06.924766,1275.0,2,1275.0,323,1280.0,157,2,2454,2025-06-19
2025-06-19 10:01:07.420554,1280.0,1,1275.0,322,1280.0,156,1,2454,2025-06-19
2025-06-19 10:01:08.117898,1280.0,1,1275.0,321,1280.0,155,1,2454,2025-06-19
2025-06-19 10:01:08.443676,1280.0,1,1275.0,320,1280.0,154,1,2454,2025-06-19
2025-06-19 10:01:09.026342,1280.0,1,1275.0,320,1280.0,153,1,2454,2025-06-19
2025-06-19 10:01:11.856387,1275.0,1,1275.0,326,1280.0,153,2,2454,2025-06-19
2025-06-19 10:01:14.639552,1275.0,5,1275.0,321,1280.0,153,2,2454,2025-06-19
2025-06-19 10:01:49.046656,1280.0,1,1275.0,316,1280.0,164,1,2454,2025-06-19
2025-06-19 10:01:50.927210,1275.0,1,1275.0,315,1280.0,164,2,2454,2025-06-19
2025-06-19 10:01:52.139475,1280.0,1,1275.0,314,1280.0,163,1,2454,2025-06-19
2025-06-19 10:02:08.330805,1275.0,1,1275.0,313,1280.0,190,2,2454,2025-06-19
2025-06-19 10:02:13.961259,1275.0,1,1275.0,311,1280.0,190,2,2454,2025-06-19
2025-06-19 10:02:14.409523,1275.0,1,1275.0,310,1280.0,190,2,2454,2025-06-19
2025-06-19 10:02:16.259286,1280.0,1,1275.0,310,1280.0,189,1,2454,2025-06-19
2025-06-19 10:02:19.894817,1275.0,2,1275.0,308,1280.0,189,2,2454,2025-06-19
2025-06-19 10:02:21.180269,1275.0,1,1275.0,306,1280.0,190,2,2454,2025-06-19
2025-06-19 10:02:21.249176,1275.0,1,1275.0,305,1280.0,190,2,2454,2025-06-19
2025-06-19 10:02:29.027084,1280.0,1,1275.0,306,1280.0,191,1,2454,2025-06-19
2025-06-19 10:02:29.808215,1275.0,1,1275.0,305,1280.0,192,2,2454,2025-06-19
2025-06-19 10:02:42.045117,1275.0,20,1275.0,286,1280.0,193,2,2454,2025-06-19
2025-06-19 10:02:42.068295,1275.0,286,1275.0,1,1280.0,190,2,2454,2025-06-19
2025-06-19 10:02:42.123956,1270.0,2,1270.0,420,1275.0,25,2,2454,2025-06-19
2025-06-19 10:02:42.144673,1270.0,1,1270.0,419,1275.0,25,2,2454,2025-06-19
2025-06-19 10:02:42.163836,1270.0,8,1270.0,411,1275.0,27,2,2454,2025-06-19
2025-06-19 10:03:06.100085,1270.0,4,1270.0,399,1275.0,117,2,2454,2025-06-19
2025-06-19 10:03:08.854042,1270.0,1,1270.0,392,1275.0,117,2,2454,2025-06-19
2025-06-19 10:03:09.015191,1275.0,1,1270.0,392,1275.0,116,1,2454,2025-06-19
2025-06-19 10:03:21.459654,1270.0,1,1270.0,391,1275.0,111,2,2454,2025-06-19
2025-06-19 10:03:25.769538,1275.0,1,1270.0,389,1275.0,132,1,2454,2025-06-19
2025-06-19 10:03:31.954954,1270.0,2,1270.0,386,1275.0,135,2,2454,2025-06-19
2025-06-19 10:03:47.930122,1270.0,1,1270.0,379,1275.0,136,2,2454,2025-06-19
2025-06-19 10:03:49.020075,1275.0,1,1270.0,379,1275.0,135,1,2454,2025-06-19
2025-06-19 10:03:59.512114,1275.0,1,1270.0,380,1275.0,136,1,2454,2025-06-19
2025-06-19 10:04:26.012011,1270.0,1,1270.0,387,1275.0,137,2,2454,2025-06-19
2025-06-19 10:04:29.037157,1275.0,1,1270.0,387,1275.0,136,1,2454,2025-06-19
2025-06-19 10:04:43.899668,1270.0,2,1270.0,384,1275.0,136,2,2454,2025-06-19
2025-06-19 10:05:01.435344,1270.0,1,1270.0,373,1275.0,137,2,2454,2025-06-19
2025-06-19 10:05:04.916153,1270.0,1,1270.0,372,1275.0,136,2,2454,2025-06-19
2025-06-19 10:05:09.052229,1275.0,1,1270.0,372,1275.0,135,1,2454,2025-06-19
2025-06-19 10:05:39.458014,1270.0,1,1270.0,373,1275.0,138,2,2454,2025-06-19
2025-06-19 10:05:43.938959,1270.0,1,1270.0,372,1275.0,139,2,2454,2025-06-19
2025-06-19 10:05:48.052988,1275.0,1,1270.0,372,1275.0,134,1,2454,2025-06-19
2025-06-19 10:05:56.044717,1270.0,2,1270.0,381,1275.0,140,2,2454,2025-06-19
2025-06-19 10:06:05.559038,1270.0,1,1270.0,380,1275.0,146,2,2454,2025-06-19
2025-06-19 10:06:15.688376,1270.0,1,1270.0,378,1275.0,145,2,2454,2025-06-19
2025-06-19 10:06:16.037231,1275.0,1,1270.0,378,1275.0,144,1,2454,2025-06-19
2025-06-19 10:06:23.008475,1270.0,1,1270.0,378,1275.0,146,2,2454,2025-06-19
2025-06-19 10:06:27.015684,1275.0,1,1270.0,378,1275.0,146,1,2454,2025-06-19
2025-06-19 10:06:32.028026,1270.0,2,1270.0,378,1275.0,144,2,2454,2025-06-19
2025-06-19 10:07:01.866726,1270.0,1,1270.0,378,1275.0,146,2,2454,2025-06-19
2025-06-19 10:07:04.851916,1270.0,1,1270.0,377,1275.0,147,2,2454,2025-06-19
2025-06-19 10:07:06.044936,1275.0,1,1270.0,377,1275.0,145,1,2454,2025-06-19
2025-06-19 10:07:08.988309,1270.0,2,1270.0,376,1275.0,145,2,2454,2025-06-19
2025-06-19 10:07:15.900462,1270.0,1,1270.0,375,1275.0,149,2,2454,2025-06-19
2025-06-19 10:07:40.938756,1270.0,1,1270.0,364,1275.0,151,2,2454,2025-06-19
2025-06-19 10:07:45.033089,1275.0,1,1270.0,364,1275.0,151,1,2454,2025-06-19
2025-06-19 10:08:03.668199,1275.0,1,1270.0,364,1275.0,150,1,2454,2025-06-19
2025-06-19 10:08:19.998914,1270.0,1,1270.0,378,1275.0,148,2,2454,2025-06-19
2025-06-19 10:08:21.109711,1270.0,2,1270.0,377,1275.0,148,2,2454,2025-06-19
2025-06-19 10:08:24.027283,1275.0,1,1270.0,377,1275.0,148,1,2454,2025-06-19
2025-06-19 10:08:29.040656,1270.0,1,1270.0,376,1275.0,148,2,2454,2025-06-19
2025-06-19 10:08:32.903853,1270.0,1,1270.0,375,1275.0,148,2,2454,2025-06-19
2025-06-19 10:08:37.399749,1275.0,1,1270.0,375,1275.0,150,1,2454,2025-06-19
2025-06-19 10:08:58.876004,1270.0,1,1270.0,373,1275.0,151,2,2454,2025-06-19
2025-06-19 10:09:03.014220,1275.0,1,1270.0,363,1275.0,150,1,2454,2025-06-19
2025-06-19 10:09:19.502050,1275.0,1,1270.0,363,1275.0,149,1,2454,2025-06-19
2025-06-19 10:09:24.472452,1270.0,1,1270.0,362,1275.0,151,2,2454,2025-06-19
2025-06-19 10:09:33.052436,1270.0,2,1270.0,360,1275.0,153,2,2454,2025-06-19
2025-06-19 10:09:34.251500,1270.0,1,1270.0,359,1275.0,155,2,2454,2025-06-19
2025-06-19 10:09:37.935074,1270.0,1,1270.0,358,1275.0,155,2,2454,2025-06-19
2025-06-19 10:09:42.030028,1275.0,1,1270.0,358,1275.0,154,1,2454,2025-06-19
2025-06-19 10:09:49.899506,1270.0,1,1270.0,357,1275.0,155,2,2454,2025-06-19
2025-06-19 10:10:16.802354,1270.0,1,1270.0,437,1275.0,154,2,2454,2025-06-19
2025-06-19 10:10:21.047307,1275.0,1,1270.0,437,1275.0,153,1,2454,2025-06-19
2025-06-19 10:10:25.628190,1275.0,1,1270.0,448,1275.0,151,1,2454,2025-06-19
2025-06-19 10:10:32.720707,1275.0,1,1270.0,449,1275.0,155,1,2454,2025-06-19
2025-06-19 10:10:45.928583,1270.0,2,1270.0,447,1275.0,155,2,2454,2025-06-19
2025-06-19 10:10:46.663012,1275.0,1,1270.0,436,1275.0,154,1,2454,2025-06-19
2025-06-19 10:10:47.434232,1275.0,1,1270.0,436,1275.0,153,1,2454,2025-06-19
2025-06-19 10:10:55.868852,1270.0,1,1270.0,435,1275.0,154,2,2454,2025-06-19
2025-06-19 10:10:59.936695,1270.0,1,1270.0,433,1275.0,154,2,2454,2025-06-19
2025-06-19 10:11:00.019777,1275.0,1,1270.0,433,1275.0,153,1,2454,2025-06-19
2025-06-19 10:11:06.901353,1270.0,1,1270.0,432,1275.0,156,2,2454,2025-06-19
2025-06-19 10:11:10.321324,1275.0,1,1270.0,432,1275.0,155,1,2454,2025-06-19
2025-06-19 10:11:11.425458,1275.0,1,1270.0,432,1275.0,155,1,2454,2025-06-19
2025-06-19 10:11:12.179977,1275.0,1,1270.0,432,1275.0,154,1,2454,2025-06-19
2025-06-19 10:11:34.946789,1270.0,1,1270.0,432,1275.0,187,2,2454,2025-06-19
2025-06-19 10:11:39.033430,1275.0,1,1270.0,432,1275.0,188,1,2454,2025-06-19
2025-06-19 10:11:41.613218,1270.0,1,1270.0,431,1275.0,188,2,2454,2025-06-19
2025-06-19 10:11:58.101535,1270.0,2,1270.0,429,1275.0,191,2,2454,2025-06-19
2025-06-19 10:12:12.826864,1270.0,1,1270.0,348,1275.0,203,2,2454,2025-06-19
2025-06-19 10:12:17.373439,1270.0,1,1270.0,342,1275.0,204,2,2454,2025-06-19
2025-06-19 10:12:18.023067,1275.0,1,1270.0,340,1275.0,206,1,2454,2025-06-19
2025-06-19 10:12:21.487288,1270.0,2,1270.0,436,1275.0,205,2,2454,2025-06-19
2025-06-19 10:12:23.905435,1270.0,1,1270.0,435,1275.0,205,2,2454,2025-06-19
2025-06-19 10:12:35.466386,1270.0,1,1270.0,435,1275.0,205,2,2454,2025-06-19
2025-06-19 10:12:51.878251,1270.0,1,1270.0,436,1275.0,207,2,2454,2025-06-19
2025-06-19 10:12:57.033489,1275.0,1,1270.0,436,1275.0,206,1,2454,2025-06-19
2025-06-19 10:13:01.225263,1275.0,1,1270.0,436,1275.0,206,1,2454,2025-06-19
2025-06-19 10:13:05.986940,1275.0,1,1270.0,436,1275.0,205,1,2454,2025-06-19
2025-06-19 10:13:10.084400,1270.0,2,1270.0,434,1275.0,205,2,2454,2025-06-19
2025-06-19 10:13:30.972870,1270.0,1,1270.0,434,1275.0,205,2,2454,2025-06-19
2025-06-19 10:13:36.038414,1275.0,1,1270.0,434,1275.0,204,1,2454,2025-06-19
2025-06-19 10:13:40.900879,1270.0,1,1270.0,433,1275.0,202,2,2454,2025-06-19
2025-06-19 10:13:42.150847,1270.0,1,1270.0,432,1275.0,202,2,2454,2025-06-19
2025-06-19 10:14:00.610946,1270.0,1,1270.0,432,1275.0,207,2,2454,2025-06-19
2025-06-19 10:14:02.057402,1270.0,1,1270.0,431,1275.0,207,2,2454,2025-06-19
2025-06-19 10:14:10.038323,1270.0,1,1270.0,435,1275.0,205,2,2454,2025-06-19
2025-06-19 10:14:15.018237,1275.0,1,1270.0,435,1275.0,208,1,2454,2025-06-19
2025-06-19 10:14:21.961429,1270.0,2,1270.0,433,1275.0,208,2,2454,2025-06-19
2025-06-19 10:14:48.883868,1270.0,1,1270.0,432,1275.0,210,2,2454,2025-06-19
2025-06-19 10:14:54.034286,1275.0,1,1270.0,432,1275.0,209,1,2454,2025-06-19
2025-06-19 10:14:57.899205,1270.0,1,1270.0,431,1275.0,210,2,2454,2025-06-19
2025-06-19 10:14:59.059322,1270.0,1,1270.0,430,1275.0,210,2,2454,2025-06-19
2025-06-19 10:15:00.859280,1270.0,1,1270.0,430,1275.0,210,2,2454,2025-06-19
2025-06-19 10:15:18.468775,1270.0,1,1270.0,430,1275.0,209,2,2454,2025-06-19
2025-06-19 10:15:24.535323,1270.0,1,1270.0,429,1275.0,216,2,2454,2025-06-19
2025-06-19 10:15:27.949758,1270.0,1,1270.0,428,1275.0,216,2,2454,2025-06-19
2025-06-19 10:15:33.040444,1275.0,1,1270.0,428,1275.0,216,1,2454,2025-06-19
2025-06-19 10:15:35.042078,1270.0,2,1270.0,426,1275.0,213,2,2454,2025-06-19
2025-06-19 10:15:49.188416,1275.0,1,1270.0,426,1275.0,217,1,2454,2025-06-19
2025-06-19 10:15:58.316742,1270.0,1,1270.0,426,1275.0,216,2,2454,2025-06-19
2025-06-19 10:16:00.415438,1275.0,1,1270.0,426,1275.0,214,1,2454,2025-06-19
2025-06-19 10:16:06.819023,1270.0,1,1270.0,425,1275.0,220,2,2454,2025-06-19
2025-06-19 10:16:12.020714,1275.0,1,1270.0,425,1275.0,219,1,2454,2025-06-19
2025-06-19 10:16:14.901037,1270.0,1,1270.0,424,1275.0,219,2,2454,2025-06-19
2025-06-19 10:16:20.084669,1270.0,1,1270.0,424,1275.0,220,2,2454,2025-06-19
2025-06-19 10:16:32.338320,1275.0,1,1270.0,427,1275.0,233,1,2454,2025-06-19
2025-06-19 10:16:45.890735,1270.0,1,1270.0,426,1275.0,233,2,2454,2025-06-19
2025-06-19 10:16:46.950699,1270.0,2,1270.0,424,1275.0,233,2,2454,2025-06-19
2025-06-19 10:16:51.037081,1275.0,1,1270.0,423,1275.0,232,1,2454,2025-06-19
2025-06-19 10:16:52.856238,1270.0,1,1270.0,422,1275.0,231,2,2454,2025-06-19
2025-06-19 10:17:24.952660,1270.0,1,1270.0,424,1275.0,234,2,2454,2025-06-19
2025-06-19 10:17:27.091224,1270.0,1,1270.0,423,1275.0,234,2,2454,2025-06-19
2025-06-19 10:17:30.018527,1275.0,1,1270.0,434,1275.0,233,1,2454,2025-06-19
2025-06-19 10:17:31.901884,1270.0,1,1270.0,433,1275.0,234,2,2454,2025-06-19
2025-06-19 10:17:32.426813,1275.0,1,1270.0,432,1275.0,233,1,2454,2025-06-19
2025-06-19 10:17:33.182687,1270.0,1,1270.0,431,1275.0,233,2,2454,2025-06-19
2025-06-19 10:17:34.053869,1270.0,1,1270.0,430,1275.0,233,2,2454,2025-06-19
2025-06-19 10:17:54.479146,1270.0,1,1270.0,430,1275.0,234,2,2454,2025-06-19
2025-06-19 10:17:58.918118,1270.0,2,1270.0,428,1275.0,234,2,2454,2025-06-19
2025-06-19 10:18:00.471587,1270.0,2,1270.0,426,1275.0,234,2,2454,2025-06-19
2025-06-19 10:18:03.822796,1270.0,1,1270.0,425,1275.0,234,2,2454,2025-06-19
2025-06-19 10:18:09.015397,1275.0,1,1270.0,425,1275.0,233,1,2454,2025-06-19
2025-06-19 10:18:09.277595,1275.0,1,1270.0,425,1275.0,232,1,2454,2025-06-19
2025-06-19 10:18:12.617052,1275.0,1,1270.0,425,1275.0,232,1,2454,2025-06-19
2025-06-19 10:18:30.475449,1275.0,1,1270.0,430,1275.0,231,1,2454,2025-06-19
2025-06-19 10:18:42.934990,1270.0,1,1270.0,429,1275.0,234,2,2454,2025-06-19
2025-06-19 10:18:48.012918,1275.0,1,1270.0,430,1275.0,233,1,2454,2025-06-19
2025-06-19 10:18:48.906374,1270.0,1,1270.0,429,1275.0,233,2,2454,2025-06-19
2025-06-19 10:18:54.760160,1270.0,1,1270.0,428,1275.0,234,2,2454,2025-06-19
2025-06-19 10:19:05.497483,1275.0,1,1270.0,429,1275.0,233,1,2454,2025-06-19
2025-06-19 10:19:11.016086,1270.0,2,1270.0,429,1275.0,233,2,2454,2025-06-19
2025-06-19 10:19:21.006951,1270.0,2,1270.0,427,1275.0,233,2,2454,2025-06-19
2025-06-19 10:19:21.767663,1270.0,1,1270.0,426,1275.0,233,2,2454,2025-06-19
2025-06-19 10:19:27.161978,1275.0,1,1270.0,426,1275.0,234,1,2454,2025-06-19
2025-06-19 10:20:00.891509,1270.0,1,1270.0,424,1275.0,236,2,2454,2025-06-19
2025-06-19 10:20:04.780787,1275.0,1,1270.0,424,1275.0,235,1,2454,2025-06-19
2025-06-19 10:20:05.916625,1270.0,1,1270.0,423,1275.0,236,2,2454,2025-06-19
2025-06-19 10:20:06.122270,1275.0,1,1270.0,423,1275.0,235,1,2454,2025-06-19
2025-06-19 10:20:15.447736,1270.0,1,1270.0,422,1275.0,234,2,2454,2025-06-19
2025-06-19 10:20:23.933232,1270.0,2,1270.0,420,1275.0,234,2,2454,2025-06-19
2025-06-19 10:20:45.044080,1275.0,1,1270.0,420,1275.0,233,1,2454,2025-06-19
2025-06-19 10:21:01.038418,1270.0,1,1270.0,419,1275.0,233,2,2454,2025-06-19
2025-06-19 10:21:12.228303,1275.0,1,1270.0,420,1275.0,235,1,2454,2025-06-19
2025-06-19 10:21:22.960354,1270.0,1,1270.0,421,1275.0,235,2,2454,2025-06-19
2025-06-19 10:21:24.036508,1275.0,1,1270.0,421,1275.0,233,1,2454,2025-06-19
2025-06-19 10:21:26.516165,1270.0,2,1270.0,419,1275.0,233,2,2454,2025-06-19
2025-06-19 10:21:28.098866,1270.0,1,1270.0,418,1275.0,233,2,2454,2025-06-19
2025-06-19 10:21:32.942340,1270.0,1,1270.0,417,1275.0,244,2,2454,2025-06-19
2025-06-19 10:21:35.845122,1270.0,2,1270.0,416,1275.0,244,2,2454,2025-06-19
2025-06-19 10:21:56.135230,1270.0,1,1270.0,414,1275.0,248,2,2454,2025-06-19
2025-06-19 10:22:02.049826,1275.0,1,1270.0,414,1275.0,247,1,2454,2025-06-19
2025-06-19 10:22:03.020385,1275.0,1,1270.0,414,1275.0,246,1,2454,2025-06-19
2025-06-19 10:22:05.755753,1270.0,2,1270.0,412,1275.0,245,2,2454,2025-06-19
2025-06-19 10:22:22.945339,1270.0,1,1270.0,411,1275.0,245,2,2454,2025-06-19
2025-06-19 10:22:34.326913,1270.0,1,1270.0,410,1275.0,245,2,2454,2025-06-19
2025-06-19 10:22:36.465497,1270.0,1,1270.0,409,1275.0,244,2,2454,2025-06-19
2025-06-19 10:22:38.019314,1270.0,7,1270.0,402,1275.0,244,2,2454,2025-06-19
2025-06-19 10:22:39.905575,1270.0,1,1270.0,414,1275.0,245,2,2454,2025-06-19
2025-06-19 10:22:42.038481,1275.0,1,1270.0,414,1275.0,244,1,2454,2025-06-19
2025-06-19 10:22:48.050935,1270.0,2,1270.0,412,1275.0,244,2,2454,2025-06-19
2025-06-19 10:22:51.009295,1270.0,1,1270.0,411,1275.0,244,2,2454,2025-06-19
2025-06-19 10:23:05.810433,1270.0,2,1270.0,409,1275.0,243,2,2454,2025-06-19
2025-06-19 10:23:07.878147,1275.0,1,1270.0,409,1275.0,242,1,2454,2025-06-19
2025-06-19 10:23:18.020574,1270.0,1,1270.0,408,1275.0,243,2,2454,2025-06-19
2025-06-19 10:23:20.141110,1275.0,1,1270.0,408,1275.0,242,1,2454,2025-06-19
2025-06-19 10:23:31.764760,1275.0,1,1270.0,408,1275.0,240,1,2454,2025-06-19
2025-06-19 10:23:33.048618,1270.0,1,1270.0,407,1275.0,240,2,2454,2025-06-19
2025-06-19 10:23:44.310403,1270.0,5,1270.0,402,1275.0,240,2,2454,2025-06-19
2025-06-19 10:23:45.949312,1270.0,1,1270.0,401,1275.0,240,2,2454,2025-06-19
2025-06-19 10:23:55.291190,1275.0,1,1270.0,400,1275.0,240,1,2454,2025-06-19
2025-06-19 10:23:56.901583,1270.0,1,1270.0,399,1275.0,240,2,2454,2025-06-19
2025-06-19 10:23:59.027724,1275.0,1,1270.0,399,1275.0,239,1,2454,2025-06-19
2025-06-19 10:23:59.932306,1270.0,2,1270.0,397,1275.0,239,2,2454,2025-06-19
2025-06-19 10:24:04.465575,1270.0,1,1270.0,398,1275.0,240,2,2454,2025-06-19
2025-06-19 10:24:13.091179,1270.0,1,1270.0,397,1275.0,240,2,2454,2025-06-19
2025-06-19 10:24:31.845902,1275.0,1,1270.0,397,1275.0,242,1,2454,2025-06-19
2025-06-19 10:24:37.733021,1270.0,1,1270.0,396,1275.0,240,2,2454,2025-06-19
2025-06-19 10:24:38.030350,1275.0,1,1270.0,396,1275.0,240,1,2454,2025-06-19
2025-06-19 10:24:41.016208,1270.0,1,1270.0,395,1275.0,240,2,2454,2025-06-19
2025-06-19 10:25:01.051624,1270.0,2,1270.0,394,1275.0,241,2,2454,2025-06-19
2025-06-19 10:25:03.484916,1270.0,1,1270.0,380,1275.0,238,2,2454,2025-06-19
2025-06-19 10:25:03.490059,1270.0,2,1270.0,378,1275.0,238,2,2454,2025-06-19
2025-06-19 10:25:07.802377,1270.0,1,1270.0,378,1275.0,240,2,2454,2025-06-19
2025-06-19 10:25:13.902867,1270.0,1,1270.0,377,1275.0,240,2,2454,2025-06-19
2025-06-19 10:25:14.016633,1270.0,2,1270.0,375,1275.0,236,2,2454,2025-06-19
2025-06-19 10:25:17.048511,1275.0,1,1270.0,373,1275.0,235,1,2454,2025-06-19
2025-06-19 10:25:21.440269,1270.0,1,1270.0,373,1275.0,237,2,2454,2025-06-19
2025-06-19 10:25:31.448962,1270.0,1,1270.0,372,1275.0,240,2,2454,2025-06-19
2025-06-19 10:25:35.863442,1270.0,1,1270.0,372,1275.0,240,2,2454,2025-06-19
2025-06-19 10:25:43.583139,1270.0,1,1270.0,371,1275.0,242,2,2454,2025-06-19
2025-06-19 10:25:56.018947,1275.0,1,1270.0,372,1275.0,241,1,2454,2025-06-19
2025-06-19 10:26:01.663924,1270.0,1,1270.0,371,1275.0,241,2,2454,2025-06-19
2025-06-19 10:26:02.913957,1270.0,1,1270.0,370,1275.0,241,2,2454,2025-06-19
2025-06-19 10:26:08.619333,1270.0,1,1270.0,369,1275.0,243,2,2454,2025-06-19
2025-06-19 10:26:25.871836,1270.0,3,1270.0,369,1275.0,243,2,2454,2025-06-19
2025-06-19 10:26:30.905756,1270.0,1,1270.0,365,1275.0,243,2,2454,2025-06-19
2025-06-19 10:26:31.024998,1270.0,1,1270.0,364,1275.0,243,2,2454,2025-06-19
2025-06-19 10:26:31.100560,1270.0,2,1270.0,362,1275.0,243,2,2454,2025-06-19
2025-06-19 10:26:31.128018,1270.0,20,1270.0,342,1275.0,243,2,2454,2025-06-19
2025-06-19 10:26:31.129235,1270.0,2,1270.0,340,1275.0,243,2,2454,2025-06-19
2025-06-19 10:26:31.130364,1270.0,20,1270.0,320,1275.0,243,2,2454,2025-06-19
2025-06-19 10:26:31.157775,1270.0,2,1270.0,318,1275.0,246,2,2454,2025-06-19
2025-06-19 10:26:31.157804,1270.0,28,1270.0,290,1275.0,246,2,2454,2025-06-19
2025-06-19 10:26:31.157901,1270.0,1,1270.0,289,1275.0,246,2,2454,2025-06-19
2025-06-19 10:26:31.158006,1270.0,1,1270.0,288,1275.0,246,2,2454,2025-06-19
2025-06-19 10:26:31.158131,1270.0,1,1270.0,287,1275.0,246,2,2454,2025-06-19
2025-06-19 10:26:31.158446,1270.0,3,1270.0,284,1275.0,246,2,2454,2025-06-19
2025-06-19 10:26:31.158460,1270.0,2,1270.0,282,1275.0,246,2,2454,2025-06-19
2025-06-19 10:26:31.158919,1270.0,1,1270.0,281,1275.0,246,2,2454,2025-06-19
2025-06-19 10:26:31.159916,1270.0,1,1270.0,280,1275.0,246,2,2454,2025-06-19
2025-06-19 10:26:31.169036,1270.0,1,1270.0,279,1275.0,246,2,2454,2025-06-19
2025-06-19 10:26:31.179986,1270.0,1,1270.0,278,1275.0,266,2,2454,2025-06-19
2025-06-19 10:26:31.180005,1270.0,1,1270.0,277,1275.0,266,2,2454,2025-06-19
2025-06-19 10:26:31.186213,1270.0,4,1270.0,277,1275.0,265,2,2454,2025-06-19
2025-06-19 10:26:31.240791,1275.0,55,1270.0,273,1275.0,210,1,2454,2025-06-19
2025-06-19 10:26:31.255946,1270.0,1,1270.0,272,1275.0,210,2,2454,2025-06-19
2025-06-19 10:26:31.283675,1275.0,4,1270.0,272,1275.0,204,1,2454,2025-06-19
2025-06-19 10:26:32.370609,1270.0,3,1270.0,224,1275.0,181,2,2454,2025-06-19
2025-06-19 10:26:32.839663,1270.0,5,1270.0,219,1275.0,181,2,2454,2025-06-19
2025-06-19 10:26:34.461945,1270.0,1,1270.0,218,1275.0,181,2,2454,2025-06-19
2025-06-19 10:26:35.016102,1275.0,1,1270.0,218,1275.0,180,1,2454,2025-06-19
2025-06-19 10:26:36.609417,1275.0,1,1270.0,218,1275.0,189,1,2454,2025-06-19
2025-06-19 10:26:36.726736,1270.0,2,1270.0,216,1275.0,191,2,2454,2025-06-19
2025-06-19 10:26:39.461964,1270.0,1,1270.0,214,1275.0,191,2,2454,2025-06-19
2025-06-19 10:26:49.008649,1270.0,1,1270.0,212,1275.0,214,2,2454,2025-06-19
2025-06-19 10:26:58.088905,1270.0,1,1270.0,211,1275.0,218,2,2454,2025-06-19
2025-06-19 10:27:05.503393,1270.0,1,1270.0,209,1275.0,219,2,2454,2025-06-19
2025-06-19 10:27:06.482424,1270.0,1,1270.0,208,1275.0,218,2,2454,2025-06-19
2025-06-19 10:27:07.502629,1270.0,1,1270.0,207,1275.0,218,2,2454,2025-06-19
2025-06-19 10:27:14.017110,1275.0,1,1270.0,204,1275.0,219,1,2454,2025-06-19
2025-06-19 10:27:21.834069,1270.0,1,1270.0,203,1275.0,231,2,2454,2025-06-19
2025-06-19 10:27:26.047886,1270.0,1,1270.0,203,1275.0,211,2,2454,2025-06-19
2025-06-19 10:27:42.223287,1270.0,5,1270.0,198,1275.0,217,2,2454,2025-06-19
2025-06-19 10:27:47.908241,1270.0,1,1270.0,197,1275.0,218,2,2454,2025-06-19
2025-06-19 10:27:52.910185,1270.0,1,1270.0,196,1275.0,218,2,2454,2025-06-19
2025-06-19 10:27:53.041157,1275.0,1,1270.0,196,1275.0,217,1,2454,2025-06-19
2025-06-19 10:28:01.123635,1270.0,2,1270.0,193,1275.0,217,2,2454,2025-06-19
2025-06-19 10:28:21.005582,1270.0,1,1270.0,192,1275.0,217,2,2454,2025-06-19
2025-06-19 10:28:32.024127,1275.0,1,1270.0,192,1275.0,218,1,2454,2025-06-19
2025-06-19 10:28:33.010467,1270.0,5,1270.0,187,1275.0,218,2,2454,2025-06-19
2025-06-19 10:28:39.107769,1270.0,1,1270.0,186,1275.0,218,2,2454,2025-06-19
2025-06-19 10:28:46.498750,1270.0,1,1270.0,185,1275.0,217,2,2454,2025-06-19
2025-06-19 10:28:48.030183,1270.0,1,1270.0,184,1275.0,217,2,2454,2025-06-19
2025-06-19 10:28:49.423466,1270.0,1,1270.0,183,1275.0,217,2,2454,2025-06-19
2025-06-19 10:28:49.723517,1270.0,1,1270.0,182,1275.0,217,2,2454,2025-06-19
2025-06-19 10:29:04.931804,1270.0,1,1270.0,181,1275.0,218,2,2454,2025-06-19
2025-06-19 10:29:11.019143,1275.0,1,1270.0,181,1275.0,217,1,2454,2025-06-19
2025-06-19 10:29:16.130045,1270.0,1,1270.0,180,1275.0,217,2,2454,2025-06-19
2025-06-19 10:29:16.166656,1270.0,1,1270.0,181,1275.0,217,2,2454,2025-06-19
2025-06-19 10:29:19.384052,1275.0,1,1270.0,179,1275.0,223,1,2454,2025-06-19
2025-06-19 10:29:21.713837,1270.0,47,1270.0,132,1275.0,225,2,2454,2025-06-19
2025-06-19 10:29:21.746146,1270.0,13,1270.0,119,1275.0,225,2,2454,2025-06-19
2025-06-19 10:29:21.746159,1270.0,28,1270.0,91,1275.0,225,2,2454,2025-06-19
2025-06-19 10:29:21.746162,1270.0,7,1270.0,84,1275.0,225,2,2454,2025-06-19
2025-06-19 10:29:21.746783,1270.0,69,1270.0,15,1275.0,225,2,2454,2025-06-19
2025-06-19 10:29:21.746808,1270.0,12,1270.0,3,1275.0,225,2,2454,2025-06-19
2025-06-19 10:29:21.746938,1270.0,3,1265.0,228,1275.0,225,2,2454,2025-06-19
2025-06-19 10:29:21.872689,1265.0,1,1265.0,204,1270.0,21,2,2454,2025-06-19
2025-06-19 10:29:22.370696,1265.0,1,1265.0,269,1270.0,85,2,2454,2025-06-19
2025-06-19 10:29:23.141405,1270.0,1,1265.0,267,1270.0,86,1,2454,2025-06-19
2025-06-19 10:29:31.060210,1265.0,2,1265.0,266,1270.0,112,2,2454,2025-06-19
2025-06-19 10:29:42.884968,1265.0,1,1265.0,252,1270.0,122,2,2454,2025-06-19
2025-06-19 10:29:50.018635,1270.0,1,1265.0,244,1270.0,142,1,2454,2025-06-19
2025-06-19 10:30:10.936482,1265.0,1,1265.0,235,1270.0,153,2,2454,2025-06-19
2025-06-19 10:30:12.142300,1270.0,1,1265.0,235,1270.0,152,1,2454,2025-06-19
2025-06-19 10:30:18.168274,1265.0,1,1265.0,234,1270.0,153,2,2454,2025-06-19
2025-06-19 10:30:21.900052,1265.0,1,1265.0,233,1270.0,155,2,2454,2025-06-19
2025-06-19 10:30:29.037046,1270.0,1,1265.0,233,1270.0,158,1,2454,2025-06-19
2025-06-19 10:30:33.368968,1265.0,1,1265.0,232,1270.0,157,2,2454,2025-06-19
2025-06-19 10:30:38.045646,1265.0,1,1265.0,230,1270.0,150,2,2454,2025-06-19
2025-06-19 10:30:57.496692,1265.0,1,1265.0,231,1270.0,136,2,2454,2025-06-19
2025-06-19 10:30:57.652793,1270.0,1,1265.0,240,1270.0,135,1,2454,2025-06-19
2025-06-19 10:31:01.242078,1265.0,2,1265.0,240,1270.0,135,2,2454,2025-06-19
2025-06-19 10:31:06.063537,1265.0,1,1265.0,239,1270.0,135,2,2454,2025-06-19
2025-06-19 10:31:06.066980,1265.0,1,1265.0,238,1270.0,135,2,2454,2025-06-19
2025-06-19 10:31:08.020572,1270.0,1,1265.0,235,1270.0,134,1,2454,2025-06-19
2025-06-19 10:31:15.368319,1265.0,2,1265.0,235,1270.0,133,2,2454,2025-06-19
2025-06-19 10:31:16.133752,1265.0,1,1265.0,234,1270.0,133,2,2454,2025-06-19
2025-06-19 10:31:32.877407,1265.0,1,1265.0,233,1270.0,141,2,2454,2025-06-19
2025-06-19 10:31:35.131426,1265.0,1,1265.0,232,1270.0,141,2,2454,2025-06-19
2025-06-19 10:31:35.888634,1265.0,1,1265.0,231,1270.0,141,2,2454,2025-06-19
2025-06-19 10:31:38.893556,1265.0,1,1265.0,230,1270.0,142,2,2454,2025-06-19
2025-06-19 10:31:47.013936,1270.0,1,1265.0,230,1270.0,141,1,2454,2025-06-19
2025-06-19 10:31:50.348748,1270.0,1,1265.0,231,1270.0,140,1,2454,2025-06-19
2025-06-19 10:32:01.369819,1265.0,1,1265.0,231,1270.0,141,2,2454,2025-06-19
2025-06-19 10:32:26.019595,1270.0,1,1265.0,232,1270.0,144,1,2454,2025-06-19
2025-06-19 10:32:55.897780,1265.0,1,1265.0,274,1270.0,136,2,2454,2025-06-19
2025-06-19 10:32:56.252150,1265.0,1,1265.0,272,1270.0,136,2,2454,2025-06-19
2025-06-19 10:33:05.017437,1270.0,1,1265.0,246,1270.0,137,1,2454,2025-06-19
2025-06-19 10:33:44.014661,1270.0,1,1265.0,278,1270.0,137,1,2454,2025-06-19
2025-06-19 10:33:45.413934,1270.0,1,1265.0,278,1270.0,135,1,2454,2025-06-19
2025-06-19 10:33:53.036306,1270.0,1,1265.0,278,1270.0,134,1,2454,2025-06-19
2025-06-19 10:33:58.101479,1270.0,1,1265.0,277,1270.0,133,1,2454,2025-06-19
2025-06-19 10:34:12.373843,1265.0,1,1265.0,282,1270.0,126,2,2454,2025-06-19
2025-06-19 10:34:12.912682,1265.0,1,1265.0,281,1270.0,126,2,2454,2025-06-19
2025-06-19 10:34:22.141211,1270.0,1,1265.0,281,1270.0,125,1,2454,2025-06-19
2025-06-19 10:35:01.046296,1270.0,1,1265.0,281,1270.0,127,1,2454,2025-06-19
2025-06-19 10:35:20.671902,1265.0,10,1265.0,272,1270.0,128,2,2454,2025-06-19
2025-06-19 10:35:21.459062,1265.0,1,1265.0,268,1270.0,128,2,2454,2025-06-19
2025-06-19 10:35:29.895184,1265.0,1,1265.0,266,1270.0,129,2,2454,2025-06-19
2025-06-19 10:35:34.732102,1265.0,1,1265.0,266,1270.0,129,2,2454,2025-06-19
2025-06-19 10:35:37.158134,1270.0,1,1265.0,266,1270.0,129,1,2454,2025-06-19
2025-06-19 10:35:40.016622,1270.0,1,1265.0,266,1270.0,128,1,2454,2025-06-19
2025-06-19 10:35:57.964353,1265.0,1,1265.0,269,1270.0,129,2,2454,2025-06-19
2025-06-19 10:36:19.043168,1270.0,1,1265.0,269,1270.0,129,1,2454,2025-06-19
2025-06-19 10:36:21.462994,1265.0,1,1265.0,269,1270.0,128,2,2454,2025-06-19
2025-06-19 10:36:46.896561,1265.0,1,1265.0,277,1270.0,128,2,2454,2025-06-19
2025-06-19 10:36:58.066680,1270.0,1,1265.0,277,1270.0,126,1,2454,2025-06-19
2025-06-19 10:37:06.794700,1265.0,1,1265.0,275,1270.0,132,2,2454,2025-06-19
2025-06-19 10:37:31.125328,1265.0,1,1265.0,271,1270.0,132,2,2454,2025-06-19
2025-06-19 10:37:37.041055,1270.0,1,1265.0,273,1270.0,131,1,2454,2025-06-19
2025-06-19 10:37:37.839520,1265.0,1,1265.0,272,1270.0,131,2,2454,2025-06-19
2025-06-19 10:37:43.167386,1270.0,131,1265.0,360,1275.0,165,1,2454,2025-06-19
2025-06-19 10:37:43.291811,1275.0,50,1270.0,37,1275.0,111,1,2454,2025-06-19
2025-06-19 10:37:43.302000,1270.0,1,1270.0,36,1275.0,111,2,2454,2025-06-19
2025-06-19 10:37:43.915179,1270.0,5,1270.0,58,1275.0,109,2,2454,2025-06-19
2025-06-19 10:38:03.897418,1270.0,1,1270.0,66,1275.0,85,2,2454,2025-06-19
2025-06-19 10:38:16.043075,1275.0,1,1270.0,83,1275.0,86,1,2454,2025-06-19
2025-06-19 10:38:33.811751,1275.0,3,1270.0,89,1275.0,87,1,2454,2025-06-19
2025-06-19 10:38:55.031206,1275.0,1,1270.0,96,1275.0,88,1,2454,2025-06-19
2025-06-19 10:39:20.924154,1270.0,1,1270.0,102,1275.0,87,2,2454,2025-06-19
2025-06-19 10:39:34.144400,1275.0,1,1270.0,151,1275.0,86,1,2454,2025-06-19
2025-06-19 10:39:47.758173,1275.0,1,1270.0,159,1275.0,80,1,2454,2025-06-19
2025-06-19 10:39:58.134880,1275.0,9,1270.0,194,1275.0,69,1,2454,2025-06-19
2025-06-19 10:39:59.207451,1275.0,9,1270.0,207,1275.0,59,1,2454,2025-06-19
2025-06-19 10:40:00.836891,1275.0,1,1270.0,210,1275.0,58,1,2454,2025-06-19
2025-06-19 10:40:07.711207,1275.0,1,1270.0,212,1275.0,53,1,2454,2025-06-19
2025-06-19 10:40:10.650830,1275.0,2,1270.0,223,1275.0,52,1,2454,2025-06-19
2025-06-19 10:40:13.066856,1275.0,1,1270.0,203,1275.0,51,1,2454,2025-06-19
2025-06-19 10:40:37.910067,1270.0,1,1270.0,204,1275.0,50,2,2454,2025-06-19
2025-06-19 10:40:52.028683,1275.0,1,1270.0,201,1275.0,52,1,2454,2025-06-19
2025-06-19 10:41:09.448158,1275.0,1,1270.0,204,1275.0,48,1,2454,2025-06-19
2025-06-19 10:41:22.634967,1275.0,1,1270.0,203,1275.0,52,1,2454,2025-06-19
2025-06-19 10:41:31.015205,1275.0,1,1270.0,204,1275.0,52,1,2454,2025-06-19
2025-06-19 10:41:34.780213,1275.0,1,1270.0,204,1275.0,51,1,2454,2025-06-19
2025-06-19 10:41:54.900060,1270.0,1,1270.0,207,1275.0,52,2,2454,2025-06-19
2025-06-19 10:42:10.047254,1275.0,1,1270.0,205,1275.0,56,1,2454,2025-06-19
2025-06-19 10:42:49.048250,1275.0,1,1270.0,147,1275.0,72,1,2454,2025-06-19
2025-06-19 10:42:49.951492,1275.0,1,1270.0,147,1275.0,71,1,2454,2025-06-19
2025-06-19 10:43:11.895567,1270.0,1,1270.0,147,1275.0,73,2,2454,2025-06-19
2025-06-19 10:43:12.323329,1270.0,1,1270.0,146,1275.0,73,2,2454,2025-06-19
2025-06-19 10:43:12.385723,1270.0,1,1270.0,145,1275.0,74,2,2454,2025-06-19
2025-06-19 10:43:28.048090,1275.0,1,1270.0,144,1275.0,88,1,2454,2025-06-19
2025-06-19 10:44:07.033142,1275.0,1,1270.0,149,1275.0,109,1,2454,2025-06-19
2025-06-19 10:44:28.895218,1270.0,1,1270.0,149,1275.0,110,2,2454,2025-06-19
2025-06-19 10:44:46.049568,1275.0,1,1270.0,149,1275.0,112,1,2454,2025-06-19
2025-06-19 10:44:54.487090,1270.0,4,1270.0,122,1275.0,111,2,2454,2025-06-19
2025-06-19 10:45:18.468644,1270.0,1,1270.0,121,1275.0,123,2,2454,2025-06-19
2025-06-19 10:45:25.017825,1275.0,1,1270.0,121,1275.0,122,1,2454,2025-06-19
2025-06-19 10:45:31.803501,1275.0,1,1270.0,121,1275.0,136,1,2454,2025-06-19
2025-06-19 10:45:45.898310,1270.0,1,1270.0,132,1275.0,121,2,2454,2025-06-19
2025-06-19 10:46:04.023211,1275.0,1,1270.0,133,1275.0,122,1,2454,2025-06-19
2025-06-19 10:46:33.691862,1275.0,1,1270.0,127,1275.0,121,1,2454,2025-06-19
2025-06-19 10:46:43.021995,1275.0,1,1270.0,134,1275.0,120,1,2454,2025-06-19
2025-06-19 10:47:02.897969,1270.0,1,1270.0,145,1275.0,121,2,2454,2025-06-19
2025-06-19 10:47:22.028613,1275.0,1,1270.0,148,1275.0,120,1,2454,2025-06-19
2025-06-19 10:47:39.867943,1270.0,1,1270.0,147,1275.0,118,2,2454,2025-06-19
2025-06-19 10:47:52.964853,1270.0,1,1270.0,148,1275.0,119,2,2454,2025-06-19
2025-06-19 10:48:01.027638,1275.0,1,1270.0,148,1275.0,119,1,2454,2025-06-19
2025-06-19 10:48:13.718274,1275.0,1,1270.0,148,1275.0,121,1,2454,2025-06-19
2025-06-19 10:48:15.475210,1270.0,1,1270.0,147,1275.0,120,2,2454,2025-06-19
2025-06-19 10:48:19.916818,1270.0,1,1270.0,147,1275.0,122,2,2454,2025-06-19
2025-06-19 10:48:40.032159,1275.0,1,1270.0,148,1275.0,121,1,2454,2025-06-19
2025-06-19 10:49:09.438239,1270.0,1,1270.0,147,1275.0,122,2,2454,2025-06-19
2025-06-19 10:49:09.476756,1275.0,1,1270.0,147,1275.0,121,1,2454,2025-06-19
2025-06-19 10:49:19.022823,1275.0,1,1270.0,147,1275.0,124,1,2454,2025-06-19
2025-06-19 10:49:19.996722,1275.0,1,1270.0,146,1275.0,123,1,2454,2025-06-19
2025-06-19 10:49:36.541956,1275.0,2,1270.0,147,1275.0,121,1,2454,2025-06-19
2025-06-19 10:49:36.899075,1270.0,1,1270.0,146,1275.0,121,2,2454,2025-06-19
2025-06-19 10:49:50.339948,1275.0,1,1270.0,147,1275.0,122,1,2454,2025-06-19
2025-06-19 10:49:51.083792,1275.0,1,1270.0,147,1275.0,121,1,2454,2025-06-19
2025-06-19 10:49:51.084409,1275.0,1,1270.0,147,1275.0,120,1,2454,2025-06-19
2025-06-19 10:49:58.036333,1275.0,1,1270.0,148,1275.0,118,1,2454,2025-06-19
2025-06-19 10:50:06.470048,1270.0,1,1270.0,147,1275.0,112,2,2454,2025-06-19
2025-06-19 10:50:37.034892,1275.0,1,1270.0,153,1275.0,115,1,2454,2025-06-19
2025-06-19 10:50:50.353367,1275.0,1,1270.0,153,1275.0,116,1,2454,2025-06-19
2025-06-19 10:50:53.897305,1270.0,1,1270.0,153,1275.0,116,2,2454,2025-06-19
2025-06-19 10:50:59.836744,1275.0,1,1270.0,153,1275.0,115,1,2454,2025-06-19
2025-06-19 10:51:16.038062,1275.0,1,1270.0,156,1275.0,114,1,2454,2025-06-19
2025-06-19 10:51:18.487843,1270.0,1,1270.0,155,1275.0,113,2,2454,2025-06-19
2025-06-19 10:51:55.027453,1275.0,1,1270.0,155,1275.0,136,1,2454,2025-06-19
2025-06-19 10:52:10.897467,1270.0,1,1270.0,154,1275.0,138,2,2454,2025-06-19
2025-06-19 10:52:34.012520,1275.0,1,1270.0,155,1275.0,136,1,2454,2025-06-19
2025-06-19 10:53:13.024033,1275.0,1,1270.0,158,1275.0,142,1,2454,2025-06-19
2025-06-19 10:53:27.920509,1270.0,1,1270.0,170,1275.0,142,2,2454,2025-06-19
2025-06-19 10:53:39.285045,1275.0,1,1270.0,171,1275.0,141,1,2454,2025-06-19
2025-06-19 10:53:40.145459,1275.0,1,1270.0,171,1275.0,140,1,2454,2025-06-19
2025-06-19 10:53:44.192590,1275.0,1,1270.0,172,1275.0,139,1,2454,2025-06-19
2025-06-19 10:53:52.042625,1275.0,1,1270.0,173,1275.0,140,1,2454,2025-06-19
2025-06-19 10:54:21.518120,1270.0,1,1270.0,172,1275.0,136,2,2454,2025-06-19
2025-06-19 10:54:31.022662,1275.0,1,1270.0,173,1275.0,136,1,2454,2025-06-19
2025-06-19 10:54:38.367222,1275.0,1,1270.0,174,1275.0,140,1,2454,2025-06-19
2025-06-19 10:54:44.899197,1270.0,1,1270.0,173,1275.0,143,2,2454,2025-06-19
2025-06-19 10:54:46.909358,1275.0,1,1270.0,173,1275.0,142,1,2454,2025-06-19
2025-06-19 10:54:46.915669,1275.0,1,1270.0,173,1275.0,141,1,2454,2025-06-19
2025-06-19 10:55:10.052529,1275.0,1,1270.0,173,1275.0,142,1,2454,2025-06-19
2025-06-19 10:55:49.018468,1275.0,1,1270.0,174,1275.0,141,1,2454,2025-06-19
2025-06-19 10:56:01.917295,1270.0,1,1270.0,175,1275.0,141,2,2454,2025-06-19
2025-06-19 10:56:06.305779,1275.0,1,1270.0,175,1275.0,140,1,2454,2025-06-19
2025-06-19 10:56:24.414567,1275.0,1,1270.0,175,1275.0,143,1,2454,2025-06-19
2025-06-19 10:56:28.030850,1275.0,1,1270.0,175,1275.0,142,1,2454,2025-06-19
2025-06-19 10:57:07.037744,1275.0,1,1270.0,161,1275.0,143,1,2454,2025-06-19
2025-06-19 10:57:11.386953,1275.0,2,1270.0,161,1275.0,141,1,2454,2025-06-19
2025-06-19 10:57:14.682285,1275.0,2,1270.0,161,1275.0,139,1,2454,2025-06-19
2025-06-19 10:57:18.900778,1270.0,1,1270.0,161,1275.0,138,2,2454,2025-06-19
2025-06-19 10:57:20.490971,1275.0,1,1270.0,161,1275.0,137,1,2454,2025-06-19
2025-06-19 10:57:23.340255,1275.0,1,1270.0,160,1275.0,135,1,2454,2025-06-19
2025-06-19 10:57:26.580092,1275.0,1,1270.0,166,1275.0,134,1,2454,2025-06-19
2025-06-19 10:57:33.755281,1275.0,1,1270.0,177,1275.0,135,1,2454,2025-06-19
2025-06-19 10:57:46.029564,1275.0,1,1270.0,177,1275.0,134,1,2454,2025-06-19
2025-06-19 10:58:22.859211,1275.0,1,1270.0,252,1275.0,141,1,2454,2025-06-19
2025-06-19 10:58:22.876538,1275.0,3,1270.0,252,1275.0,138,1,2454,2025-06-19
2025-06-19 10:58:22.897602,1275.0,69,1270.0,252,1275.0,69,1,2454,2025-06-19
2025-06-19 10:58:22.918486,1275.0,6,1270.0,252,1275.0,63,1,2454,2025-06-19
2025-06-19 10:58:22.918992,1275.0,63,1270.0,259,1280.0,301,1,2454,2025-06-19
2025-06-19 10:58:23.249963,1280.0,6,1275.0,90,1280.0,274,1,2454,2025-06-19
2025-06-19 10:58:23.254173,1280.0,1,1275.0,91,1280.0,273,1,2454,2025-06-19
2025-06-19 10:58:23.260346,1280.0,6,1275.0,93,1280.0,267,1,2454,2025-06-19
2025-06-19 10:58:25.031492,1280.0,1,1275.0,104,1280.0,267,1,2454,2025-06-19
2025-06-19 10:58:35.904117,1275.0,1,1275.0,106,1280.0,263,2,2454,2025-06-19
2025-06-19 10:58:38.250805,1280.0,1,1275.0,107,1280.0,262,1,2454,2025-06-19
2025-06-19 10:59:03.881481,1280.0,1,1275.0,123,1280.0,271,1,2454,2025-06-19
2025-06-19 10:59:04.017014,1280.0,1,1275.0,122,1280.0,270,1,2454,2025-06-19
2025-06-19 10:59:20.299277,1280.0,1,1275.0,126,1280.0,269,1,2454,2025-06-19
2025-06-19 10:59:23.256991,1280.0,1,1275.0,127,1280.0,268,1,2454,2025-06-19
2025-06-19 10:59:43.029515,1280.0,1,1275.0,129,1280.0,265,1,2454,2025-06-19
2025-06-19 10:59:52.905192,1275.0,1,1275.0,130,1280.0,266,2,2454,2025-06-19
2025-06-19 11:00:22.022115,1280.0,1,1275.0,130,1280.0,296,1,2454,2025-06-19
2025-06-19 11:01:01.030192,1280.0,1,1275.0,134,1280.0,318,1,2454,2025-06-19
2025-06-19 11:01:09.905436,1275.0,1,1275.0,133,1280.0,318,2,2454,2025-06-19
2025-06-19 11:01:23.672345,1275.0,2,1275.0,123,1280.0,321,2,2454,2025-06-19
2025-06-19 11:01:40.037389,1280.0,1,1275.0,120,1280.0,292,1,2454,2025-06-19
2025-06-19 11:01:46.812454,1280.0,1,1275.0,120,1280.0,291,1,2454,2025-06-19
2025-06-19 11:02:14.941254,1275.0,1,1275.0,121,1280.0,296,2,2454,2025-06-19
2025-06-19 11:02:19.015457,1280.0,1,1275.0,122,1280.0,296,1,2454,2025-06-19
2025-06-19 11:02:19.155843,1280.0,1,1275.0,122,1280.0,295,1,2454,2025-06-19
2025-06-19 11:02:19.761074,1280.0,1,1275.0,122,1280.0,294,1,2454,2025-06-19
2025-06-19 11:02:26.901538,1275.0,1,1275.0,121,1280.0,295,2,2454,2025-06-19
2025-06-19 11:02:58.013794,1280.0,1,1275.0,122,1280.0,302,1,2454,2025-06-19
2025-06-19 11:03:02.391519,1275.0,1,1275.0,121,1280.0,302,2,2454,2025-06-19
2025-06-19 11:03:04.367176,1280.0,1,1275.0,122,1280.0,301,1,2454,2025-06-19
2025-06-19 11:03:37.012682,1280.0,1,1275.0,121,1280.0,301,1,2454,2025-06-19
2025-06-19 11:03:43.919162,1275.0,1,1275.0,120,1280.0,302,2,2454,2025-06-19
2025-06-19 11:04:08.939544,1280.0,1,1275.0,121,1280.0,304,1,2454,2025-06-19
2025-06-19 11:04:16.053105,1280.0,1,1275.0,121,1280.0,303,1,2454,2025-06-19
2025-06-19 11:04:21.137112,1275.0,1,1275.0,120,1280.0,304,2,2454,2025-06-19
2025-06-19 11:04:23.261720,1280.0,1,1275.0,120,1280.0,303,1,2454,2025-06-19
2025-06-19 11:04:29.078958,1280.0,1,1275.0,120,1280.0,302,1,2454,2025-06-19
2025-06-19 11:04:55.037571,1280.0,1,1275.0,120,1280.0,300,1,2454,2025-06-19
2025-06-19 11:04:59.049548,1280.0,1,1275.0,120,1280.0,299,1,2454,2025-06-19
2025-06-19 11:05:00.904533,1275.0,1,1275.0,120,1280.0,299,2,2454,2025-06-19
2025-06-19 11:05:03.475220,1275.0,1,1275.0,119,1280.0,299,2,2454,2025-06-19
2025-06-19 11:05:34.035686,1280.0,1,1275.0,120,1280.0,299,1,2454,2025-06-19
2025-06-19 11:05:36.813702,1275.0,1,1275.0,119,1280.0,298,2,2454,2025-06-19
2025-06-19 11:05:54.527127,1275.0,1,1275.0,118,1280.0,298,2,2454,2025-06-19
2025-06-19 11:06:13.018187,1280.0,1,1275.0,119,1280.0,299,1,2454,2025-06-19
2025-06-19 11:06:15.521811,1275.0,1,1275.0,118,1280.0,298,2,2454,2025-06-19
2025-06-19 11:06:16.261538,1280.0,1,1275.0,118,1280.0,297,1,2454,2025-06-19
2025-06-19 11:06:17.900881,1275.0,1,1275.0,117,1280.0,297,2,2454,2025-06-19
2025-06-19 11:06:52.021635,1280.0,1,1275.0,119,1280.0,302,1,2454,2025-06-19
2025-06-19 11:07:12.368712,1280.0,1,1275.0,119,1280.0,304,1,2454,2025-06-19
2025-06-19 11:07:28.503454,1280.0,1,1275.0,119,1280.0,305,1,2454,2025-06-19
2025-06-19 11:07:31.012224,1280.0,1,1275.0,119,1280.0,304,1,2454,2025-06-19
2025-06-19 11:07:34.900868,1275.0,1,1275.0,118,1280.0,304,2,2454,2025-06-19
2025-06-19 11:07:50.613120,1280.0,1,1275.0,118,1280.0,302,1,2454,2025-06-19
2025-06-19 11:08:00.043031,1280.0,1,1275.0,118,1280.0,303,1,2454,2025-06-19
2025-06-19 11:08:10.015090,1280.0,1,1275.0,118,1280.0,302,1,2454,2025-06-19
2025-06-19 11:08:49.014247,1280.0,1,1275.0,118,1280.0,303,1,2454,2025-06-19
2025-06-19 11:08:51.904221,1275.0,1,1275.0,117,1280.0,303,2,2454,2025-06-19
2025-06-19 11:08:52.641716,1280.0,1,1275.0,117,1280.0,302,1,2454,2025-06-19
2025-06-19 11:08:52.712843,1275.0,1,1275.0,116,1280.0,301,2,2454,2025-06-19
2025-06-19 11:08:55.226202,1275.0,1,1275.0,115,1280.0,301,2,2454,2025-06-19
2025-06-19 11:09:18.509905,1275.0,1,1275.0,115,1280.0,302,2,2454,2025-06-19
2025-06-19 11:09:28.026408,1280.0,1,1275.0,115,1280.0,301,1,2454,2025-06-19
2025-06-19 11:09:55.294572,1280.0,1,1275.0,115,1280.0,296,1,2454,2025-06-19
2025-06-19 11:09:59.707975,1280.0,1,1275.0,115,1280.0,295,1,2454,2025-06-19
2025-06-19 11:10:07.045116,1280.0,1,1275.0,117,1280.0,302,1,2454,2025-06-19
2025-06-19 11:10:08.902884,1275.0,1,1275.0,116,1280.0,303,2,2454,2025-06-19
2025-06-19 11:10:46.038998,1280.0,1,1275.0,116,1280.0,307,1,2454,2025-06-19
2025-06-19 11:10:46.797596,1280.0,1,1275.0,116,1280.0,306,1,2454,2025-06-19
2025-06-19 11:10:49.819651,1280.0,1,1275.0,116,1280.0,305,1,2454,2025-06-19
2025-06-19 11:10:52.899894,1275.0,1,1275.0,115,1280.0,304,2,2454,2025-06-19
2025-06-19 11:11:01.073497,1280.0,1,1275.0,115,1280.0,303,1,2454,2025-06-19
2025-06-19 11:11:25.032138,1280.0,1,1275.0,121,1280.0,303,1,2454,2025-06-19
2025-06-19 11:11:25.898913,1275.0,1,1275.0,121,1280.0,304,2,2454,2025-06-19
2025-06-19 11:11:25.958695,1275.0,1,1275.0,120,1280.0,304,2,2454,2025-06-19
2025-06-19 11:11:46.057645,1275.0,2,1275.0,119,1280.0,303,2,2454,2025-06-19
2025-06-19 11:11:46.185310,1275.0,2,1275.0,116,1280.0,301,2,2454,2025-06-19
2025-06-19 11:11:46.350613,1275.0,3,1275.0,113,1280.0,298,2,2454,2025-06-19
2025-06-19 11:11:46.523061,1275.0,3,1275.0,110,1280.0,297,2,2454,2025-06-19
2025-06-19 11:11:46.809304,1280.0,1,1275.0,110,1280.0,298,1,2454,2025-06-19
2025-06-19 11:11:46.828966,1275.0,3,1275.0,107,1280.0,295,2,2454,2025-06-19
2025-06-19 11:11:46.920341,1275.0,1,1275.0,106,1280.0,295,2,2454,2025-06-19
2025-06-19 11:11:47.354836,1275.0,3,1275.0,106,1280.0,292,2,2454,2025-06-19
2025-06-19 11:11:47.607438,1280.0,1,1275.0,107,1280.0,291,1,2454,2025-06-19
2025-06-19 11:11:47.804422,1275.0,2,1275.0,108,1280.0,287,2,2454,2025-06-19
2025-06-19 11:11:48.526430,1275.0,1,1275.0,108,1280.0,285,2,2454,2025-06-19
2025-06-19 11:11:57.457105,1275.0,1,1275.0,111,1280.0,284,2,2454,2025-06-19
2025-06-19 11:12:04.022968,1280.0,1,1275.0,112,1280.0,283,1,2454,2025-06-19
2025-06-19 11:12:30.778278,1280.0,1,1275.0,112,1280.0,280,1,2454,2025-06-19
2025-06-19 11:12:37.924538,1280.0,1,1275.0,115,1280.0,180,1,2454,2025-06-19
2025-06-19 11:12:42.917609,1275.0,1,1275.0,114,1280.0,180,2,2454,2025-06-19
2025-06-19 11:12:43.024095,1280.0,1,1275.0,114,1280.0,179,1,2454,2025-06-19
2025-06-19 11:12:44.738488,1280.0,1,1275.0,115,1280.0,178,1,2454,2025-06-19
2025-06-19 11:12:53.263728,1280.0,1,1275.0,127,1280.0,177,1,2454,2025-06-19
2025-06-19 11:13:22.033322,1280.0,1,1275.0,126,1280.0,178,1,2454,2025-06-19
2025-06-19 11:13:59.904357,1275.0,1,1275.0,118,1280.0,172,2,2454,2025-06-19
2025-06-19 11:14:01.020303,1280.0,1,1275.0,118,1280.0,171,1,2454,2025-06-19
2025-06-19 11:14:02.047655,1280.0,1,1275.0,118,1280.0,173,1,2454,2025-06-19
2025-06-19 11:14:39.967918,1280.0,1,1275.0,116,1280.0,175,1,2454,2025-06-19
2025-06-19 11:14:40.014126,1280.0,1,1275.0,116,1280.0,174,1,2454,2025-06-19
2025-06-19 11:14:58.882619,1280.0,1,1275.0,116,1280.0,175,1,2454,2025-06-19
2025-06-19 11:14:59.420605,1280.0,2,1275.0,116,1280.0,173,1,2454,2025-06-19
2025-06-19 11:14:59.684012,1280.0,1,1275.0,116,1280.0,172,1,2454,2025-06-19
2025-06-19 11:15:03.826495,1280.0,1,1275.0,131,1280.0,171,1,2454,2025-06-19
2025-06-19 11:15:08.256930,1280.0,1,1275.0,131,1280.0,170,1,2454,2025-06-19
2025-06-19 11:15:16.905424,1275.0,1,1275.0,131,1280.0,172,2,2454,2025-06-19
2025-06-19 11:15:19.018213,1280.0,1,1275.0,131,1280.0,171,1,2454,2025-06-19
2025-06-19 11:15:21.139063,1280.0,1,1275.0,131,1280.0,170,1,2454,2025-06-19
2025-06-19 11:15:41.345896,1280.0,1,1275.0,131,1280.0,168,1,2454,2025-06-19
2025-06-19 11:15:58.033250,1280.0,1,1275.0,131,1280.0,167,1,2454,2025-06-19
2025-06-19 11:16:18.249312,1280.0,1,1275.0,131,1280.0,166,1,2454,2025-06-19
2025-06-19 11:16:33.910356,1275.0,1,1275.0,130,1280.0,165,2,2454,2025-06-19
2025-06-19 11:16:37.015043,1280.0,1,1275.0,130,1280.0,164,1,2454,2025-06-19
2025-06-19 11:17:00.543884,1275.0,5,1275.0,125,1280.0,164,2,2454,2025-06-19
2025-06-19 11:17:03.038174,1280.0,1,1275.0,129,1280.0,164,1,2454,2025-06-19
2025-06-19 11:17:08.261325,1280.0,1,1275.0,129,1280.0,168,1,2454,2025-06-19
2025-06-19 11:17:15.689512,1280.0,1,1275.0,129,1280.0,167,1,2454,2025-06-19
2025-06-19 11:17:16.027541,1280.0,1,1275.0,129,1280.0,166,1,2454,2025-06-19
2025-06-19 11:17:23.255755,1280.0,1,1275.0,130,1280.0,165,1,2454,2025-06-19
2025-06-19 11:17:37.511717,1280.0,1,1275.0,131,1280.0,168,1,2454,2025-06-19
2025-06-19 11:17:50.901830,1275.0,1,1275.0,130,1280.0,171,2,2454,2025-06-19
2025-06-19 11:17:52.551165,1275.0,1,1275.0,129,1280.0,171,2,2454,2025-06-19
2025-06-19 11:17:55.045412,1280.0,1,1275.0,129,1280.0,171,1,2454,2025-06-19
2025-06-19 11:18:06.924371,1280.0,1,1275.0,129,1280.0,170,1,2454,2025-06-19
2025-06-19 11:18:34.031118,1280.0,1,1275.0,128,1280.0,170,1,2454,2025-06-19
2025-06-19 11:18:36.427466,1275.0,5,1275.0,119,1280.0,170,2,2454,2025-06-19
2025-06-19 11:19:07.907527,1275.0,1,1275.0,120,1280.0,171,2,2454,2025-06-19
2025-06-19 11:19:13.042732,1280.0,1,1275.0,119,1280.0,171,1,2454,2025-06-19
2025-06-19 11:19:39.434308,1275.0,1,1275.0,117,1280.0,172,2,2454,2025-06-19
2025-06-19 11:19:51.863234,1275.0,8,1275.0,111,1280.0,164,2,2454,2025-06-19
2025-06-19 11:19:52.028322,1280.0,1,1275.0,117,1280.0,167,1,2454,2025-06-19
2025-06-19 11:19:53.256050,1280.0,1,1275.0,117,1280.0,166,1,2454,2025-06-19
2025-06-19 11:19:53.265710,1280.0,1,1275.0,117,1280.0,165,1,2454,2025-06-19
2025-06-19 11:20:04.031342,1280.0,1,1275.0,117,1280.0,162,1,2454,2025-06-19
2025-06-19 11:20:04.698015,1280.0,1,1275.0,116,1280.0,161,1,2454,2025-06-19
2025-06-19 11:20:12.535312,1275.0,1,1275.0,116,1280.0,160,2,2454,2025-06-19
2025-06-19 11:20:24.904970,1275.0,1,1275.0,117,1280.0,160,2,2454,2025-06-19
2025-06-19 11:20:25.051333,1275.0,1,1275.0,116,1280.0,159,2,2454,2025-06-19
2025-06-19 11:20:31.022356,1280.0,1,1275.0,116,1280.0,161,1,2454,2025-06-19
2025-06-19 11:20:42.283133,1280.0,3,1275.0,116,1280.0,159,1,2454,2025-06-19
2025-06-19 11:20:50.691169,1280.0,1,1275.0,121,1280.0,156,1,2454,2025-06-19
2025-06-19 11:21:10.017409,1280.0,1,1275.0,128,1280.0,156,1,2454,2025-06-19
2025-06-19 11:21:12.475785,1275.0,1,1275.0,128,1280.0,155,2,2454,2025-06-19
2025-06-19 11:21:14.670944,1280.0,1,1275.0,128,1280.0,154,1,2454,2025-06-19
2025-06-19 11:21:40.031412,1280.0,2,1275.0,135,1280.0,151,1,2454,2025-06-19
2025-06-19 11:21:41.904320,1275.0,1,1275.0,134,1280.0,150,2,2454,2025-06-19
2025-06-19 11:21:48.154970,1280.0,1,1275.0,133,1280.0,149,1,2454,2025-06-19
2025-06-19 11:21:53.263333,1280.0,1,1275.0,133,1280.0,148,1,2454,2025-06-19
2025-06-19 11:21:53.436560,1280.0,1,1275.0,133,1280.0,147,1,2454,2025-06-19
2025-06-19 11:22:00.772510,1275.0,1,1275.0,132,1280.0,147,2,2454,2025-06-19
2025-06-19 11:22:12.159373,1275.0,5,1275.0,128,1280.0,147,2,2454,2025-06-19
2025-06-19 11:22:23.028388,1275.0,1,1275.0,127,1280.0,154,2,2454,2025-06-19
2025-06-19 11:22:27.044599,1280.0,1,1275.0,123,1280.0,153,1,2454,2025-06-19
2025-06-19 11:22:32.921858,1280.0,1,1275.0,123,1280.0,152,1,2454,2025-06-19
2025-06-19 11:22:58.907137,1275.0,1,1275.0,131,1280.0,152,2,2454,2025-06-19
2025-06-19 11:23:05.028275,1280.0,1,1275.0,131,1280.0,151,1,2454,2025-06-19
2025-06-19 11:23:06.011587,1280.0,1,1275.0,131,1280.0,150,1,2454,2025-06-19
2025-06-19 11:23:32.569915,1280.0,1,1275.0,131,1280.0,150,1,2454,2025-06-19
2025-06-19 11:23:45.029360,1280.0,1,1275.0,130,1280.0,150,1,2454,2025-06-19
2025-06-19 11:23:56.249932,1280.0,1,1275.0,130,1280.0,150,1,2454,2025-06-19
2025-06-19 11:24:07.578776,1280.0,1,1275.0,130,1280.0,149,1,2454,2025-06-19
2025-06-19 11:24:11.357545,1280.0,1,1275.0,130,1280.0,149,1,2454,2025-06-19
2025-06-19 11:24:12.459522,1275.0,1,1275.0,129,1280.0,148,2,2454,2025-06-19
2025-06-19 11:24:15.906514,1275.0,1,1275.0,128,1280.0,148,2,2454,2025-06-19
2025-06-19 11:24:24.035871,1280.0,1,1275.0,128,1280.0,147,1,2454,2025-06-19
2025-06-19 11:25:02.031807,1280.0,1,1275.0,131,1280.0,148,1,2454,2025-06-19
2025-06-19 11:25:32.903638,1275.0,1,1275.0,131,1280.0,148,2,2454,2025-06-19
2025-06-19 11:25:40.013677,1280.0,1,1275.0,131,1280.0,147,1,2454,2025-06-19
2025-06-19 11:25:53.488055,1280.0,1,1275.0,133,1280.0,146,1,2454,2025-06-19
2025-06-19 11:26:06.034987,1280.0,1,1275.0,133,1280.0,145,1,2454,2025-06-19
2025-06-19 11:26:18.042303,1280.0,1,1275.0,135,1280.0,144,1,2454,2025-06-19
2025-06-19 11:26:49.910341,1275.0,1,1275.0,134,1280.0,158,2,2454,2025-06-19
2025-06-19 11:26:52.727732,1280.0,1,1275.0,131,1280.0,157,1,2454,2025-06-19
2025-06-19 11:26:56.027962,1280.0,1,1275.0,131,1280.0,158,1,2454,2025-06-19
2025-06-19 11:26:56.684881,1275.0,1,1275.0,130,1280.0,158,2,2454,2025-06-19
2025-06-19 11:27:00.727313,1275.0,1,1275.0,128,1280.0,159,2,2454,2025-06-19
2025-06-19 11:27:15.535091,1275.0,1,1275.0,127,1280.0,164,2,2454,2025-06-19
2025-06-19 11:27:30.333992,1275.0,2,1275.0,127,1280.0,164,2,2454,2025-06-19
2025-06-19 11:27:34.023237,1280.0,1,1275.0,127,1280.0,163,1,2454,2025-06-19
2025-06-19 11:27:34.441279,1275.0,1,1275.0,126,1280.0,163,2,2454,2025-06-19
2025-06-19 11:28:06.909416,1275.0,1,1275.0,125,1280.0,145,2,2454,2025-06-19
2025-06-19 11:28:12.056085,1280.0,1,1275.0,125,1280.0,144,1,2454,2025-06-19
2025-06-19 11:28:17.442101,1275.0,2,1275.0,123,1280.0,144,2,2454,2025-06-19
2025-06-19 11:28:50.037852,1280.0,1,1275.0,123,1280.0,144,1,2454,2025-06-19
2025-06-19 11:29:01.363134,1275.0,1,1275.0,122,1280.0,145,2,2454,2025-06-19
2025-06-19 11:29:07.032243,1280.0,1,1275.0,122,1280.0,144,1,2454,2025-06-19
2025-06-19 11:29:23.917759,1275.0,1,1275.0,122,1280.0,143,2,2454,2025-06-19
2025-06-19 11:29:28.027966,1280.0,1,1275.0,122,1280.0,142,1,2454,2025-06-19
2025-06-19 11:30:06.013097,1280.0,1,1275.0,123,1280.0,141,1,2454,2025-06-19
2025-06-19 11:30:18.108017,1275.0,5,1275.0,119,1280.0,138,2,2454,2025-06-19
2025-06-19 11:30:40.922770,1275.0,1,1275.0,120,1280.0,139,2,2454,2025-06-19
2025-06-19 11:30:44.019144,1280.0,1,1275.0,121,1280.0,138,1,2454,2025-06-19
2025-06-19 11:30:59.469265,1280.0,1,1275.0,121,1280.0,139,1,2454,2025-06-19
2025-06-19 11:31:22.057054,1280.0,1,1275.0,120,1280.0,135,1,2454,2025-06-19
2025-06-19 11:31:26.705631,1275.0,1,1275.0,123,1280.0,137,2,2454,2025-06-19
2025-06-19 11:31:43.610494,1280.0,1,1275.0,123,1280.0,136,1,2454,2025-06-19
2025-06-19 11:31:57.920142,1275.0,1,1275.0,122,1280.0,136,2,2454,2025-06-19
2025-06-19 11:32:00.016763,1280.0,1,1275.0,122,1280.0,136,1,2454,2025-06-19
2025-06-19 11:32:06.515145,1275.0,2,1275.0,120,1280.0,135,2,2454,2025-06-19
2025-06-19 11:32:08.028978,1280.0,1,1275.0,120,1280.0,134,1,2454,2025-06-19
2025-06-19 11:32:08.741277,1275.0,1,1275.0,119,1280.0,133,2,2454,2025-06-19
2025-06-19 11:32:15.503075,1275.0,1,1275.0,116,1280.0,134,2,2454,2025-06-19
2025-06-19 11:32:24.829185,1280.0,1,1275.0,116,1280.0,133,1,2454,2025-06-19
2025-06-19 11:32:38.053684,1280.0,1,1275.0,117,1280.0,134,1,2454,2025-06-19
2025-06-19 11:33:14.919963,1275.0,1,1275.0,118,1280.0,136,2,2454,2025-06-19
2025-06-19 11:33:15.480631,1275.0,1,1275.0,117,1280.0,135,2,2454,2025-06-19
2025-06-19 11:33:16.016778,1280.0,1,1275.0,115,1280.0,134,1,2454,2025-06-19
2025-06-19 11:33:19.334398,1280.0,1,1275.0,114,1280.0,132,1,2454,2025-06-19
2025-06-19 11:33:54.038356,1280.0,1,1275.0,115,1280.0,133,1,2454,2025-06-19
2025-06-19 11:34:29.706347,1280.0,1,1275.0,116,1280.0,140,1,2454,2025-06-19
2025-06-19 11:34:31.920785,1275.0,1,1275.0,115,1280.0,140,2,2454,2025-06-19
2025-06-19 11:34:32.025686,1280.0,1,1275.0,115,1280.0,139,1,2454,2025-06-19
2025-06-19 11:34:39.179082,1275.0,1,1275.0,141,1280.0,139,2,2454,2025-06-19
2025-06-19 11:34:43.174270,1280.0,5,1275.0,141,1280.0,134,1,2454,2025-06-19
2025-06-19 11:34:44.832672,1280.0,2,1275.0,141,1280.0,130,1,2454,2025-06-19
2025-06-19 11:35:09.080598,1280.0,1,1275.0,143,1280.0,139,1,2454,2025-06-19
2025-06-19 11:35:10.083622,1280.0,1,1275.0,143,1280.0,138,1,2454,2025-06-19
2025-06-19 11:35:27.263689,1280.0,1,1275.0,143,1280.0,137,1,2454,2025-06-19
2025-06-19 11:35:48.019348,1280.0,1,1275.0,144,1280.0,136,1,2454,2025-06-19
2025-06-19 11:35:48.918737,1275.0,1,1275.0,143,1280.0,136,2,2454,2025-06-19
2025-06-19 11:35:55.415053,1275.0,1,1275.0,144,1280.0,139,2,2454,2025-06-19
2025-06-19 11:35:56.350666,1280.0,1,1275.0,144,1280.0,138,1,2454,2025-06-19
2025-06-19 11:36:18.515901,1275.0,1,1275.0,145,1280.0,138,2,2454,2025-06-19
2025-06-19 11:36:26.012230,1280.0,1,1275.0,145,1280.0,137,1,2454,2025-06-19
2025-06-19 11:36:55.206858,1280.0,5,1275.0,154,1280.0,135,1,2454,2025-06-19
2025-06-19 11:37:01.137333,1280.0,1,1275.0,155,1280.0,134,1,2454,2025-06-19
2025-06-19 11:37:04.050295,1280.0,1,1275.0,154,1280.0,134,1,2454,2025-06-19
2025-06-19 11:37:05.919561,1275.0,1,1275.0,153,1280.0,133,2,2454,2025-06-19
2025-06-19 11:37:15.328986,1280.0,1,1275.0,154,1280.0,132,1,2454,2025-06-19
2025-06-19 11:37:22.886530,1280.0,1,1275.0,154,1280.0,131,1,2454,2025-06-19
2025-06-19 11:37:27.245592,1280.0,1,1275.0,154,1280.0,130,1,2454,2025-06-19
2025-06-19 11:37:36.883934,1280.0,5,1275.0,155,1280.0,126,1,2454,2025-06-19
2025-06-19 11:37:42.040518,1280.0,1,1275.0,155,1280.0,126,1,2454,2025-06-19
2025-06-19 11:38:10.054501,1280.0,1,1275.0,160,1280.0,125,1,2454,2025-06-19
2025-06-19 11:38:20.034899,1280.0,1,1275.0,161,1280.0,125,1,2454,2025-06-19
2025-06-19 11:38:22.924010,1275.0,1,1275.0,160,1280.0,125,2,2454,2025-06-19
2025-06-19 11:38:58.014184,1280.0,1,1275.0,159,1280.0,126,1,2454,2025-06-19
2025-06-19 11:39:18.477653,1275.0,1,1275.0,158,1280.0,130,2,2454,2025-06-19
2025-06-19 11:39:36.011757,1280.0,1,1275.0,158,1280.0,130,1,2454,2025-06-19
2025-06-19 11:39:39.924614,1275.0,1,1275.0,157,1280.0,130,2,2454,2025-06-19
2025-06-19 11:39:56.796112,1280.0,1,1275.0,158,1280.0,129,1,2454,2025-06-19
2025-06-19 11:39:56.832502,1275.0,5,1275.0,153,1280.0,129,2,2454,2025-06-19
2025-06-19 11:40:14.032481,1280.0,1,1275.0,151,1280.0,133,1,2454,2025-06-19
2025-06-19 11:40:21.342112,1275.0,1,1275.0,150,1280.0,134,2,2454,2025-06-19
2025-06-19 11:40:51.127673,1280.0,1,1275.0,153,1280.0,136,1,2454,2025-06-19
2025-06-19 11:40:56.920929,1275.0,1,1275.0,153,1280.0,136,2,2454,2025-06-19
2025-06-19 11:41:09.921779,1275.0,1,1275.0,152,1280.0,140,2,2454,2025-06-19
2025-06-19 11:41:11.055977,1280.0,1,1275.0,152,1280.0,139,1,2454,2025-06-19
2025-06-19 11:41:16.209081,1275.0,4,1275.0,126,1280.0,141,2,2454,2025-06-19
2025-06-19 11:41:29.012232,1280.0,1,1275.0,124,1280.0,149,1,2454,2025-06-19
2025-06-19 11:41:35.532506,1280.0,1,1275.0,123,1280.0,150,1,2454,2025-06-19
2025-06-19 11:41:54.928044,1280.0,1,1275.0,119,1280.0,150,1,2454,2025-06-19
2025-06-19 11:42:07.046093,1280.0,1,1275.0,119,1280.0,153,1,2454,2025-06-19
2025-06-19 11:42:13.923271,1275.0,1,1275.0,118,1280.0,153,2,2454,2025-06-19
2025-06-19 11:42:21.525844,1275.0,1,1275.0,117,1280.0,146,2,2454,2025-06-19
2025-06-19 11:42:40.071030,1280.0,1,1275.0,117,1280.0,156,1,2454,2025-06-19
2025-06-19 11:42:45.023805,1280.0,1,1275.0,117,1280.0,159,1,2454,2025-06-19
2025-06-19 11:43:03.158136,1280.0,1,1275.0,117,1280.0,158,1,2454,2025-06-19
2025-06-19 11:43:20.916897,1275.0,1,1275.0,162,1280.0,153,2,2454,2025-06-19
2025-06-19 11:43:23.014049,1280.0,1,1275.0,164,1280.0,152,1,2454,2025-06-19
2025-06-19 11:43:30.925580,1275.0,1,1275.0,165,1280.0,152,2,2454,2025-06-19
2025-06-19 11:43:33.050278,1280.0,1,1275.0,165,1280.0,151,1,2454,2025-06-19
2025-06-19 11:44:01.098144,1280.0,1,1275.0,165,1280.0,152,1,2454,2025-06-19
2025-06-19 11:44:12.048554,1280.0,1,1275.0,166,1280.0,152,1,2454,2025-06-19
2025-06-19 11:44:38.924574,1280.0,1,1275.0,169,1280.0,151,1,2454,2025-06-19
2025-06-19 11:44:39.121517,1280.0,1,1275.0,170,1280.0,150,1,2454,2025-06-19
