ts,close,volume,bid_price,bid_volume,ask_price,ask_volume,tick_type,code,date
2025-06-17 09:00:16.247233,1260.0,301,1255.0,225,1260.0,19,1,2454,2025-06-17
2025-06-17 09:00:16.282331,1260.0,4,1255.0,235,1260.0,15,1,2454,2025-06-17
2025-06-17 09:00:16.322653,1260.0,12,1255.0,234,1260.0,3,1,2454,2025-06-17
2025-06-17 09:00:16.364428,1260.0,1,1255.0,255,1260.0,2,1,2454,2025-06-17
2025-06-17 09:00:16.465780,1260.0,1,1255.0,256,1260.0,2,1,2454,2025-06-17
2025-06-17 09:00:17.662487,1260.0,1,1255.0,258,1265.0,55,1,2454,2025-06-17
2025-06-17 09:00:18.549143,1265.0,1,1260.0,36,1265.0,57,1,2454,2025-06-17
2025-06-17 09:00:24.232649,1265.0,1,1260.0,46,1265.0,78,1,2454,2025-06-17
2025-06-17 09:00:28.831375,1265.0,1,1260.0,49,1265.0,76,1,2454,2025-06-17
2025-06-17 09:00:29.030689,1265.0,1,1260.0,49,1265.0,75,1,2454,2025-06-17
2025-06-17 09:00:34.108320,1265.0,1,1260.0,71,1265.0,76,1,2454,2025-06-17
2025-06-17 09:00:39.614247,1265.0,3,1260.0,75,1265.0,74,1,2454,2025-06-17
2025-06-17 09:00:39.867502,1265.0,1,1260.0,76,1265.0,73,1,2454,2025-06-17
2025-06-17 09:00:40.524008,1260.0,1,1260.0,77,1265.0,72,2,2454,2025-06-17
2025-06-17 09:00:43.298948,1265.0,1,1260.0,81,1265.0,71,1,2454,2025-06-17
2025-06-17 09:00:51.918639,1265.0,1,1260.0,88,1265.0,89,1,2454,2025-06-17
2025-06-17 09:00:53.775323,1265.0,2,1260.0,93,1265.0,89,1,2454,2025-06-17
2025-06-17 09:00:55.925698,1265.0,1,1260.0,106,1265.0,88,1,2454,2025-06-17
2025-06-17 09:00:57.081053,1265.0,2,1260.0,107,1265.0,86,1,2454,2025-06-17
2025-06-17 09:00:57.263680,1265.0,1,1260.0,109,1265.0,85,1,2454,2025-06-17
2025-06-17 09:00:57.420736,1260.0,1,1260.0,108,1265.0,84,2,2454,2025-06-17
2025-06-17 09:00:58.054312,1260.0,1,1260.0,107,1265.0,83,2,2454,2025-06-17
2025-06-17 09:00:58.490780,1265.0,1,1260.0,107,1265.0,82,1,2454,2025-06-17
2025-06-17 09:00:59.339071,1265.0,1,1260.0,109,1265.0,81,1,2454,2025-06-17
2025-06-17 09:00:59.800323,1265.0,3,1260.0,109,1265.0,78,1,2454,2025-06-17
2025-06-17 09:01:02.493856,1265.0,1,1260.0,122,1265.0,77,1,2454,2025-06-17
2025-06-17 09:01:02.663475,1265.0,1,1260.0,122,1265.0,76,1,2454,2025-06-17
2025-06-17 09:01:02.710098,1265.0,36,1260.0,122,1265.0,40,1,2454,2025-06-17
2025-06-17 09:01:02.739862,1265.0,2,1260.0,126,1265.0,38,1,2454,2025-06-17
2025-06-17 09:01:02.745756,1265.0,1,1260.0,128,1265.0,37,1,2454,2025-06-17
2025-06-17 09:01:02.772198,1265.0,3,1260.0,128,1265.0,34,1,2454,2025-06-17
2025-06-17 09:01:02.785171,1265.0,35,1260.0,131,1270.0,86,1,2454,2025-06-17
2025-06-17 09:01:03.220170,1270.0,13,1265.0,27,1270.0,100,1,2454,2025-06-17
2025-06-17 09:01:03.238483,1265.0,1,1265.0,27,1270.0,100,2,2454,2025-06-17
2025-06-17 09:01:04.689695,1270.0,1,1265.0,46,1270.0,104,1,2454,2025-06-17
2025-06-17 09:01:04.774483,1270.0,1,1265.0,45,1270.0,103,1,2454,2025-06-17
2025-06-17 09:01:04.872575,1270.0,1,1265.0,45,1270.0,102,1,2454,2025-06-17
2025-06-17 09:01:04.971423,1270.0,1,1265.0,44,1270.0,101,1,2454,2025-06-17
2025-06-17 09:01:05.008132,1270.0,1,1265.0,43,1270.0,100,1,2454,2025-06-17
2025-06-17 09:01:05.096444,1265.0,1,1265.0,42,1270.0,100,2,2454,2025-06-17
2025-06-17 09:01:05.110445,1270.0,1,1265.0,41,1270.0,99,1,2454,2025-06-17
2025-06-17 09:01:05.213337,1270.0,1,1265.0,40,1270.0,98,1,2454,2025-06-17
2025-06-17 09:01:05.310355,1270.0,1,1265.0,39,1270.0,97,1,2454,2025-06-17
2025-06-17 09:01:05.410992,1270.0,1,1265.0,38,1270.0,96,1,2454,2025-06-17
2025-06-17 09:01:05.511336,1270.0,1,1265.0,37,1270.0,95,1,2454,2025-06-17
2025-06-17 09:01:06.385792,1265.0,1,1265.0,37,1270.0,95,2,2454,2025-06-17
2025-06-17 09:01:06.450746,1265.0,1,1265.0,36,1270.0,95,2,2454,2025-06-17
2025-06-17 09:01:06.588208,1265.0,5,1265.0,32,1270.0,95,2,2454,2025-06-17
2025-06-17 09:01:07.353730,1270.0,2,1265.0,34,1270.0,97,1,2454,2025-06-17
2025-06-17 09:01:07.483498,1265.0,2,1265.0,35,1270.0,95,2,2454,2025-06-17
2025-06-17 09:01:07.647535,1270.0,1,1265.0,34,1270.0,94,1,2454,2025-06-17
2025-06-17 09:01:07.716447,1270.0,1,1265.0,34,1270.0,93,1,2454,2025-06-17
2025-06-17 09:01:08.977186,1265.0,1,1265.0,54,1270.0,93,2,2454,2025-06-17
2025-06-17 09:01:16.009674,1270.0,1,1265.0,70,1270.0,99,1,2454,2025-06-17
2025-06-17 09:01:16.387968,1270.0,5,1265.0,72,1270.0,94,1,2454,2025-06-17
2025-06-17 09:01:16.669988,1265.0,1,1265.0,74,1270.0,94,2,2454,2025-06-17
2025-06-17 09:01:21.470533,1270.0,1,1265.0,81,1270.0,94,1,2454,2025-06-17
2025-06-17 09:01:22.159494,1270.0,1,1265.0,83,1270.0,93,1,2454,2025-06-17
2025-06-17 09:01:22.203708,1265.0,1,1265.0,82,1270.0,93,2,2454,2025-06-17
2025-06-17 09:01:24.193162,1270.0,1,1265.0,83,1270.0,93,1,2454,2025-06-17
2025-06-17 09:01:24.826254,1265.0,1,1265.0,85,1270.0,92,2,2454,2025-06-17
2025-06-17 09:01:40.178199,1265.0,2,1265.0,105,1270.0,108,2,2454,2025-06-17
2025-06-17 09:01:40.350775,1265.0,1,1265.0,104,1270.0,108,2,2454,2025-06-17
2025-06-17 09:01:47.580112,1265.0,2,1265.0,97,1270.0,129,2,2454,2025-06-17
2025-06-17 09:01:50.507748,1265.0,1,1265.0,98,1270.0,123,2,2454,2025-06-17
2025-06-17 09:01:54.908461,1265.0,1,1265.0,97,1270.0,127,2,2454,2025-06-17
2025-06-17 09:01:55.048752,1270.0,1,1265.0,96,1270.0,126,1,2454,2025-06-17
2025-06-17 09:01:55.169529,1270.0,1,1265.0,95,1270.0,125,1,2454,2025-06-17
2025-06-17 09:01:55.401914,1265.0,1,1265.0,94,1270.0,125,2,2454,2025-06-17
2025-06-17 09:02:06.331686,1270.0,1,1265.0,94,1270.0,134,1,2454,2025-06-17
2025-06-17 09:02:08.043337,1270.0,1,1265.0,95,1270.0,133,1,2454,2025-06-17
2025-06-17 09:02:08.588483,1265.0,1,1265.0,94,1270.0,133,2,2454,2025-06-17
2025-06-17 09:02:08.832211,1265.0,1,1265.0,93,1270.0,133,2,2454,2025-06-17
2025-06-17 09:02:09.687237,1265.0,1,1265.0,93,1270.0,132,2,2454,2025-06-17
2025-06-17 09:02:09.781416,1270.0,1,1265.0,93,1270.0,131,1,2454,2025-06-17
2025-06-17 09:02:12.450448,1270.0,1,1265.0,91,1270.0,130,1,2454,2025-06-17
2025-06-17 09:02:13.529554,1265.0,1,1265.0,91,1270.0,131,2,2454,2025-06-17
2025-06-17 09:02:14.173764,1270.0,1,1265.0,93,1270.0,130,1,2454,2025-06-17
2025-06-17 09:02:19.389160,1270.0,1,1265.0,98,1270.0,132,1,2454,2025-06-17
2025-06-17 09:02:21.517186,1270.0,1,1265.0,98,1270.0,131,1,2454,2025-06-17
2025-06-17 09:02:26.197960,1270.0,1,1265.0,96,1270.0,133,1,2454,2025-06-17
2025-06-17 09:02:27.038433,1265.0,1,1265.0,97,1270.0,133,2,2454,2025-06-17
2025-06-17 09:02:28.030491,1265.0,1,1265.0,97,1270.0,134,2,2454,2025-06-17
2025-06-17 09:02:33.642515,1270.0,1,1265.0,101,1270.0,110,1,2454,2025-06-17
2025-06-17 09:02:41.518013,1270.0,1,1265.0,109,1270.0,108,1,2454,2025-06-17
2025-06-17 09:02:53.970474,1270.0,1,1265.0,116,1270.0,115,1,2454,2025-06-17
2025-06-17 09:02:54.237510,1270.0,2,1265.0,116,1270.0,113,1,2454,2025-06-17
2025-06-17 09:02:54.447865,1270.0,1,1265.0,116,1270.0,112,1,2454,2025-06-17
2025-06-17 09:02:58.951387,1270.0,5,1265.0,114,1270.0,106,1,2454,2025-06-17
2025-06-17 09:02:59.487337,1265.0,1,1265.0,114,1270.0,106,2,2454,2025-06-17
2025-06-17 09:03:09.316785,1270.0,2,1265.0,116,1270.0,108,1,2454,2025-06-17
2025-06-17 09:03:14.055237,1270.0,1,1265.0,121,1270.0,112,1,2454,2025-06-17
2025-06-17 09:03:16.691742,1270.0,1,1265.0,122,1270.0,110,1,2454,2025-06-17
2025-06-17 09:03:16.846555,1270.0,1,1265.0,121,1270.0,109,1,2454,2025-06-17
2025-06-17 09:03:16.929992,1270.0,1,1265.0,120,1270.0,108,1,2454,2025-06-17
2025-06-17 09:03:20.679247,1270.0,2,1265.0,120,1270.0,113,1,2454,2025-06-17
2025-06-17 09:03:27.920065,1270.0,1,1265.0,120,1270.0,118,1,2454,2025-06-17
2025-06-17 09:03:40.520432,1270.0,2,1265.0,120,1270.0,122,1,2454,2025-06-17
2025-06-17 09:03:42.576197,1270.0,1,1265.0,120,1270.0,116,1,2454,2025-06-17
2025-06-17 09:03:43.279459,1270.0,2,1265.0,120,1270.0,115,1,2454,2025-06-17
2025-06-17 09:03:50.585923,1270.0,1,1265.0,120,1270.0,111,1,2454,2025-06-17
2025-06-17 09:03:51.827310,1270.0,1,1265.0,119,1270.0,110,1,2454,2025-06-17
2025-06-17 09:03:57.013026,1270.0,1,1265.0,120,1270.0,109,1,2454,2025-06-17
2025-06-17 09:03:57.198329,1270.0,1,1265.0,120,1270.0,108,1,2454,2025-06-17
2025-06-17 09:03:57.756180,1270.0,2,1265.0,120,1270.0,106,1,2454,2025-06-17
2025-06-17 09:03:59.469856,1270.0,1,1265.0,121,1270.0,110,1,2454,2025-06-17
2025-06-17 09:04:00.465315,1270.0,1,1265.0,122,1270.0,109,1,2454,2025-06-17
2025-06-17 09:04:10.336885,1270.0,1,1265.0,124,1270.0,107,1,2454,2025-06-17
2025-06-17 09:04:14.894225,1270.0,1,1265.0,125,1270.0,112,1,2454,2025-06-17
2025-06-17 09:04:18.756567,1265.0,1,1265.0,125,1270.0,115,2,2454,2025-06-17
2025-06-17 09:04:18.985677,1270.0,1,1265.0,123,1270.0,114,1,2454,2025-06-17
2025-06-17 09:04:23.885095,1265.0,5,1265.0,117,1270.0,229,2,2454,2025-06-17
2025-06-17 09:04:24.067858,1270.0,1,1265.0,118,1270.0,228,1,2454,2025-06-17
2025-06-17 09:04:24.420118,1270.0,2,1265.0,119,1270.0,226,1,2454,2025-06-17
2025-06-17 09:04:52.627287,1270.0,1,1265.0,233,1270.0,240,1,2454,2025-06-17
2025-06-17 09:05:12.139960,1270.0,1,1265.0,231,1270.0,241,1,2454,2025-06-17
2025-06-17 09:05:22.704407,1270.0,1,1265.0,231,1270.0,344,1,2454,2025-06-17
2025-06-17 09:05:25.289336,1270.0,2,1265.0,231,1270.0,346,1,2454,2025-06-17
2025-06-17 09:05:25.449161,1270.0,1,1265.0,230,1270.0,345,1,2454,2025-06-17
2025-06-17 09:05:25.523764,1270.0,1,1265.0,229,1270.0,345,1,2454,2025-06-17
2025-06-17 09:05:29.945457,1270.0,1,1265.0,228,1270.0,350,1,2454,2025-06-17
2025-06-17 09:05:40.381731,1270.0,1,1265.0,229,1270.0,353,1,2454,2025-06-17
2025-06-17 09:05:40.497929,1265.0,1,1265.0,229,1270.0,353,2,2454,2025-06-17
2025-06-17 09:05:40.711329,1270.0,1,1265.0,228,1270.0,352,1,2454,2025-06-17
2025-06-17 09:05:42.200400,1270.0,2,1265.0,228,1270.0,351,1,2454,2025-06-17
2025-06-17 09:05:42.989186,1270.0,100,1265.0,128,1270.0,251,1,2454,2025-06-17
2025-06-17 09:05:43.134014,1265.0,1,1265.0,133,1270.0,257,2,2454,2025-06-17
2025-06-17 09:05:43.261242,1270.0,1,1265.0,128,1270.0,254,1,2454,2025-06-17
2025-06-17 09:05:45.284764,1270.0,1,1265.0,141,1270.0,255,1,2454,2025-06-17
2025-06-17 09:05:45.364856,1270.0,1,1265.0,140,1270.0,254,1,2454,2025-06-17
2025-06-17 09:05:45.495585,1270.0,1,1265.0,139,1270.0,253,1,2454,2025-06-17
2025-06-17 09:05:45.546180,1270.0,1,1265.0,140,1270.0,252,1,2454,2025-06-17
2025-06-17 09:05:45.696448,1270.0,1,1265.0,141,1270.0,251,1,2454,2025-06-17
2025-06-17 09:05:45.747485,1270.0,1,1265.0,140,1270.0,250,1,2454,2025-06-17
2025-06-17 09:05:45.830810,1270.0,9,1265.0,140,1270.0,241,1,2454,2025-06-17
2025-06-17 09:05:45.850086,1270.0,1,1265.0,139,1270.0,240,1,2454,2025-06-17
2025-06-17 09:05:45.950443,1270.0,1,1265.0,140,1270.0,238,1,2454,2025-06-17
2025-06-17 09:05:46.113125,1270.0,1,1265.0,141,1270.0,237,1,2454,2025-06-17
2025-06-17 09:05:49.194868,1270.0,1,1265.0,142,1270.0,236,1,2454,2025-06-17
2025-06-17 09:05:49.253592,1270.0,1,1265.0,141,1270.0,236,1,2454,2025-06-17
2025-06-17 09:06:02.663900,1270.0,1,1265.0,142,1270.0,236,1,2454,2025-06-17
2025-06-17 09:06:07.206401,1270.0,1,1265.0,142,1270.0,235,1,2454,2025-06-17
2025-06-17 09:06:09.072311,1270.0,1,1265.0,142,1270.0,234,1,2454,2025-06-17
2025-06-17 09:06:10.084678,1265.0,1,1265.0,141,1270.0,234,2,2454,2025-06-17
2025-06-17 09:06:10.612725,1270.0,1,1265.0,141,1270.0,233,1,2454,2025-06-17
2025-06-17 09:06:11.952434,1270.0,1,1265.0,244,1270.0,231,1,2454,2025-06-17
2025-06-17 09:06:12.861236,1270.0,1,1265.0,244,1270.0,230,1,2454,2025-06-17
2025-06-17 09:06:36.053155,1270.0,1,1265.0,365,1270.0,236,1,2454,2025-06-17
2025-06-17 09:06:36.417173,1270.0,2,1265.0,365,1270.0,234,1,2454,2025-06-17
2025-06-17 09:06:37.946605,1270.0,1,1265.0,364,1270.0,233,1,2454,2025-06-17
2025-06-17 09:06:43.000434,1270.0,1,1265.0,365,1270.0,230,1,2454,2025-06-17
2025-06-17 09:06:45.293791,1270.0,1,1265.0,363,1270.0,229,1,2454,2025-06-17
2025-06-17 09:06:46.149438,1270.0,1,1265.0,363,1270.0,230,1,2454,2025-06-17
2025-06-17 09:06:46.894497,1270.0,1,1265.0,363,1270.0,227,1,2454,2025-06-17
2025-06-17 09:06:54.970061,1270.0,1,1265.0,363,1270.0,229,1,2454,2025-06-17
2025-06-17 09:06:55.251354,1270.0,1,1265.0,362,1270.0,226,1,2454,2025-06-17
2025-06-17 09:06:55.310726,1270.0,1,1265.0,361,1270.0,225,1,2454,2025-06-17
2025-06-17 09:06:57.144582,1270.0,1,1265.0,361,1270.0,225,1,2454,2025-06-17
2025-06-17 09:06:57.613405,1270.0,1,1265.0,362,1270.0,224,1,2454,2025-06-17
2025-06-17 09:07:07.921784,1270.0,1,1265.0,365,1270.0,221,1,2454,2025-06-17
2025-06-17 09:07:27.465264,1270.0,1,1265.0,366,1270.0,223,1,2454,2025-06-17
2025-06-17 09:07:34.305591,1265.0,1,1265.0,366,1270.0,224,2,2454,2025-06-17
2025-06-17 09:07:37.153467,1270.0,1,1265.0,364,1270.0,224,1,2454,2025-06-17
2025-06-17 09:07:45.319180,1270.0,1,1265.0,369,1270.0,229,1,2454,2025-06-17
2025-06-17 09:07:45.404667,1270.0,1,1265.0,369,1270.0,228,1,2454,2025-06-17
2025-06-17 09:07:45.669250,1270.0,2,1265.0,369,1270.0,226,1,2454,2025-06-17
2025-06-17 09:07:45.863164,1270.0,1,1265.0,369,1270.0,225,1,2454,2025-06-17
2025-06-17 09:07:46.134037,1270.0,1,1265.0,369,1270.0,224,1,2454,2025-06-17
2025-06-17 09:07:46.339896,1270.0,1,1265.0,369,1270.0,223,1,2454,2025-06-17
2025-06-17 09:07:48.067782,1270.0,1,1265.0,368,1270.0,222,1,2454,2025-06-17
2025-06-17 09:07:49.373367,1270.0,1,1265.0,368,1270.0,221,1,2454,2025-06-17
2025-06-17 09:07:49.856121,1270.0,3,1265.0,268,1270.0,218,1,2454,2025-06-17
2025-06-17 09:07:51.528698,1265.0,5,1265.0,262,1270.0,218,2,2454,2025-06-17
2025-06-17 09:07:51.571879,1270.0,1,1265.0,262,1270.0,217,1,2454,2025-06-17
2025-06-17 09:07:52.394760,1270.0,1,1265.0,262,1270.0,216,1,2454,2025-06-17
2025-06-17 09:07:52.974398,1265.0,1,1265.0,261,1270.0,216,2,2454,2025-06-17
2025-06-17 09:07:54.074678,1270.0,1,1265.0,258,1270.0,218,1,2454,2025-06-17
2025-06-17 09:07:54.090828,1270.0,1,1265.0,258,1270.0,217,1,2454,2025-06-17
2025-06-17 09:07:55.510344,1270.0,1,1265.0,258,1270.0,216,1,2454,2025-06-17
2025-06-17 09:07:59.577219,1270.0,1,1265.0,257,1270.0,218,1,2454,2025-06-17
2025-06-17 09:08:01.680636,1270.0,1,1265.0,260,1270.0,217,1,2454,2025-06-17
2025-06-17 09:08:08.918954,1270.0,1,1265.0,257,1270.0,231,1,2454,2025-06-17
2025-06-17 09:08:09.562781,1270.0,1,1265.0,257,1270.0,233,1,2454,2025-06-17
2025-06-17 09:08:12.308308,1270.0,1,1265.0,257,1270.0,235,1,2454,2025-06-17
2025-06-17 09:08:24.091959,1270.0,1,1265.0,257,1270.0,242,1,2454,2025-06-17
2025-06-17 09:08:24.743766,1265.0,1,1265.0,256,1270.0,241,2,2454,2025-06-17
2025-06-17 09:08:25.955214,1270.0,10,1265.0,254,1270.0,232,1,2454,2025-06-17
2025-06-17 09:08:26.593318,1270.0,1,1265.0,254,1270.0,231,1,2454,2025-06-17
2025-06-17 09:08:35.037474,1270.0,1,1265.0,256,1270.0,231,1,2454,2025-06-17
2025-06-17 09:08:37.524001,1270.0,1,1265.0,256,1270.0,231,1,2454,2025-06-17
2025-06-17 09:08:40.233859,1270.0,1,1265.0,258,1270.0,230,1,2454,2025-06-17
2025-06-17 09:08:40.318441,1270.0,1,1265.0,258,1270.0,229,1,2454,2025-06-17
2025-06-17 09:08:40.619098,1270.0,2,1265.0,260,1270.0,227,1,2454,2025-06-17
2025-06-17 09:08:49.276044,1270.0,3,1265.0,260,1270.0,224,1,2454,2025-06-17
2025-06-17 09:08:58.176651,1270.0,1,1265.0,258,1270.0,223,1,2454,2025-06-17
2025-06-17 09:08:58.958214,1270.0,1,1265.0,258,1270.0,222,1,2454,2025-06-17
2025-06-17 09:09:02.705089,1270.0,1,1265.0,258,1270.0,221,1,2454,2025-06-17
2025-06-17 09:09:04.091869,1270.0,1,1265.0,258,1270.0,220,1,2454,2025-06-17
2025-06-17 09:09:09.523264,1270.0,1,1265.0,257,1270.0,221,1,2454,2025-06-17
2025-06-17 09:09:10.570988,1270.0,1,1265.0,258,1270.0,220,1,2454,2025-06-17
2025-06-17 09:09:10.852701,1270.0,1,1265.0,257,1270.0,219,1,2454,2025-06-17
2025-06-17 09:09:10.920213,1270.0,1,1265.0,256,1270.0,218,1,2454,2025-06-17
2025-06-17 09:09:13.435602,1265.0,1,1265.0,255,1270.0,219,2,2454,2025-06-17
2025-06-17 09:09:21.258163,1270.0,1,1265.0,258,1270.0,218,1,2454,2025-06-17
2025-06-17 09:09:34.743607,1265.0,1,1265.0,259,1270.0,218,2,2454,2025-06-17
2025-06-17 09:09:36.181755,1270.0,1,1265.0,259,1270.0,230,1,2454,2025-06-17
2025-06-17 09:09:36.228920,1270.0,1,1265.0,259,1270.0,229,1,2454,2025-06-17
2025-06-17 09:09:49.491546,1270.0,1,1265.0,261,1270.0,231,1,2454,2025-06-17
2025-06-17 09:09:50.260576,1270.0,1,1265.0,260,1270.0,230,1,2454,2025-06-17
2025-06-17 09:09:50.616859,1270.0,2,1265.0,260,1270.0,228,1,2454,2025-06-17
2025-06-17 09:09:54.299740,1265.0,6,1265.0,254,1270.0,230,2,2454,2025-06-17
2025-06-17 09:10:19.780333,1265.0,36,1265.0,217,1270.0,247,2,2454,2025-06-17
2025-06-17 09:10:19.812446,1265.0,213,1260.0,302,1270.0,253,2,2454,2025-06-17
2025-06-17 09:10:19.933598,1265.0,3,1260.0,293,1265.0,27,1,2454,2025-06-17
2025-06-17 09:10:19.960515,1265.0,5,1260.0,291,1265.0,22,1,2454,2025-06-17
2025-06-17 09:10:20.172711,1260.0,5,1260.0,284,1265.0,17,2,2454,2025-06-17
2025-06-17 09:10:21.807954,1265.0,1,1260.0,284,1265.0,22,1,2454,2025-06-17
2025-06-17 09:10:32.655330,1260.0,5,1260.0,274,1265.0,43,2,2454,2025-06-17
2025-06-17 09:10:32.710433,1260.0,5,1260.0,269,1265.0,44,2,2454,2025-06-17
2025-06-17 09:10:32.729663,1260.0,1,1260.0,268,1265.0,44,2,2454,2025-06-17
2025-06-17 09:10:35.411626,1260.0,5,1260.0,263,1265.0,49,2,2454,2025-06-17
2025-06-17 09:10:36.310946,1260.0,1,1260.0,262,1265.0,56,2,2454,2025-06-17
2025-06-17 09:10:37.805231,1260.0,5,1260.0,261,1265.0,60,2,2454,2025-06-17
2025-06-17 09:10:40.427852,1260.0,5,1260.0,253,1265.0,66,2,2454,2025-06-17
2025-06-17 09:10:42.096302,1260.0,1,1260.0,250,1265.0,60,2,2454,2025-06-17
2025-06-17 09:10:42.937666,1260.0,5,1260.0,245,1265.0,60,2,2454,2025-06-17
2025-06-17 09:11:02.044485,1260.0,5,1260.0,242,1265.0,77,2,2454,2025-06-17
2025-06-17 09:11:02.107731,1260.0,1,1260.0,241,1265.0,76,2,2454,2025-06-17
2025-06-17 09:11:07.854525,1260.0,5,1260.0,236,1265.0,79,2,2454,2025-06-17
2025-06-17 09:11:09.166319,1265.0,1,1260.0,231,1265.0,84,1,2454,2025-06-17
2025-06-17 09:11:11.434862,1260.0,5,1260.0,228,1265.0,84,2,2454,2025-06-17
2025-06-17 09:11:13.275865,1260.0,5,1260.0,222,1265.0,86,2,2454,2025-06-17
2025-06-17 09:11:13.365056,1260.0,1,1260.0,221,1265.0,85,2,2454,2025-06-17
2025-06-17 09:11:13.429019,1260.0,1,1260.0,220,1265.0,85,2,2454,2025-06-17
2025-06-17 09:11:15.928836,1260.0,5,1260.0,214,1265.0,90,2,2454,2025-06-17
2025-06-17 09:11:15.954795,1260.0,48,1260.0,166,1265.0,90,2,2454,2025-06-17
2025-06-17 09:11:15.977358,1260.0,47,1260.0,119,1265.0,92,2,2454,2025-06-17
2025-06-17 09:11:15.977405,1260.0,9,1260.0,110,1265.0,92,2,2454,2025-06-17
2025-06-17 09:11:15.977464,1260.0,9,1260.0,101,1265.0,92,2,2454,2025-06-17
2025-06-17 09:11:15.999732,1260.0,1,1260.0,100,1265.0,92,2,2454,2025-06-17
2025-06-17 09:11:16.020969,1260.0,19,1260.0,81,1265.0,92,2,2454,2025-06-17
2025-06-17 09:11:16.100544,1260.0,4,1260.0,77,1265.0,92,2,2454,2025-06-17
2025-06-17 09:11:17.047892,1260.0,9,1260.0,68,1265.0,92,2,2454,2025-06-17
2025-06-17 09:11:17.072789,1260.0,1,1260.0,67,1265.0,92,2,2454,2025-06-17
2025-06-17 09:11:18.244073,1260.0,5,1260.0,62,1265.0,92,2,2454,2025-06-17
2025-06-17 09:11:18.310101,1260.0,5,1260.0,57,1265.0,92,2,2454,2025-06-17
2025-06-17 09:11:20.933176,1260.0,5,1260.0,53,1265.0,92,2,2454,2025-06-17
2025-06-17 09:11:23.699983,1260.0,5,1260.0,50,1265.0,109,2,2454,2025-06-17
2025-06-17 09:11:23.872875,1260.0,1,1260.0,49,1265.0,109,2,2454,2025-06-17
2025-06-17 09:11:25.635741,1260.0,5,1260.0,45,1265.0,119,2,2454,2025-06-17
2025-06-17 09:11:28.924916,1260.0,5,1260.0,43,1265.0,121,2,2454,2025-06-17
2025-06-17 09:11:31.095602,1265.0,20,1260.0,43,1265.0,101,1,2454,2025-06-17
2025-06-17 09:11:31.456660,1260.0,2,1260.0,41,1265.0,115,2,2454,2025-06-17
2025-06-17 09:11:32.102707,1260.0,5,1260.0,36,1265.0,115,2,2454,2025-06-17
2025-06-17 09:11:35.169146,1260.0,5,1260.0,31,1265.0,118,2,2454,2025-06-17
2025-06-17 09:11:37.377345,1260.0,3,1260.0,29,1265.0,118,2,2454,2025-06-17
2025-06-17 09:11:39.967544,1260.0,1,1260.0,28,1265.0,118,2,2454,2025-06-17
2025-06-17 09:11:48.247839,1265.0,1,1260.0,34,1265.0,124,1,2454,2025-06-17
2025-06-17 09:12:00.912938,1265.0,1,1260.0,44,1265.0,132,1,2454,2025-06-17
2025-06-17 09:12:10.248956,1260.0,1,1260.0,48,1265.0,120,2,2454,2025-06-17
2025-06-17 09:12:17.308516,1260.0,1,1260.0,47,1265.0,118,2,2454,2025-06-17
2025-06-17 09:13:33.929525,1260.0,1,1260.0,47,1265.0,259,2,2454,2025-06-17
2025-06-17 09:13:56.640948,1260.0,2,1260.0,49,1265.0,259,2,2454,2025-06-17
2025-06-17 09:14:20.862315,1265.0,30,1260.0,50,1265.0,234,1,2454,2025-06-17
2025-06-17 09:14:42.189117,1265.0,2,1260.0,69,1265.0,233,1,2454,2025-06-17
2025-06-17 09:14:50.983898,1265.0,1,1260.0,95,1265.0,232,1,2454,2025-06-17
2025-06-17 09:14:59.584644,1265.0,1,1260.0,98,1265.0,224,1,2454,2025-06-17
2025-06-17 09:15:01.367178,1265.0,1,1260.0,105,1265.0,223,1,2454,2025-06-17
2025-06-17 09:15:12.775881,1265.0,4,1260.0,105,1265.0,221,1,2454,2025-06-17
2025-06-17 09:15:12.911884,1265.0,2,1260.0,105,1265.0,219,1,2454,2025-06-17
2025-06-17 09:15:18.284080,1265.0,1,1260.0,107,1265.0,217,1,2454,2025-06-17
2025-06-17 09:15:22.528717,1265.0,1,1260.0,107,1265.0,217,1,2454,2025-06-17
2025-06-17 09:15:45.115791,1265.0,1,1260.0,112,1265.0,216,1,2454,2025-06-17
2025-06-17 09:15:51.764021,1260.0,1,1260.0,109,1265.0,216,2,2454,2025-06-17
2025-06-17 09:16:01.752341,1265.0,2,1260.0,109,1265.0,213,1,2454,2025-06-17
2025-06-17 09:16:01.760410,1260.0,1,1260.0,108,1265.0,213,2,2454,2025-06-17
2025-06-17 09:16:07.797813,1260.0,1,1260.0,108,1265.0,213,2,2454,2025-06-17
2025-06-17 09:16:51.597941,1260.0,1,1260.0,111,1265.0,217,2,2454,2025-06-17
2025-06-17 09:17:41.170430,1265.0,1,1260.0,123,1265.0,222,1,2454,2025-06-17
2025-06-17 09:18:45.112125,1260.0,1,1260.0,123,1265.0,226,2,2454,2025-06-17
2025-06-17 09:19:04.807663,1260.0,1,1260.0,126,1265.0,226,2,2454,2025-06-17
2025-06-17 09:19:38.902146,1265.0,1,1260.0,123,1265.0,229,1,2454,2025-06-17
2025-06-17 09:19:51.597824,1260.0,6,1260.0,117,1265.0,233,2,2454,2025-06-17
2025-06-17 09:20:58.227294,1260.0,1,1260.0,134,1265.0,241,2,2454,2025-06-17
2025-06-17 09:21:44.122180,1265.0,1,1260.0,129,1265.0,245,1,2454,2025-06-17
2025-06-17 09:21:55.247171,1265.0,15,1260.0,133,1265.0,228,1,2454,2025-06-17
2025-06-17 09:21:57.166462,1260.0,1,1260.0,138,1265.0,224,2,2454,2025-06-17
2025-06-17 09:22:30.923802,1260.0,1,1260.0,145,1265.0,227,2,2454,2025-06-17
2025-06-17 09:22:45.261184,1260.0,1,1260.0,147,1265.0,229,2,2454,2025-06-17
2025-06-17 09:22:50.484818,1260.0,1,1260.0,146,1265.0,229,2,2454,2025-06-17
2025-06-17 09:24:31.337204,1265.0,1,1260.0,157,1265.0,235,1,2454,2025-06-17
2025-06-17 09:24:55.574586,1260.0,1,1260.0,158,1265.0,236,2,2454,2025-06-17
2025-06-17 09:25:21.897778,1260.0,1,1260.0,159,1265.0,207,2,2454,2025-06-17
2025-06-17 09:26:09.351310,1260.0,1,1260.0,195,1265.0,208,2,2454,2025-06-17
2025-06-17 09:26:13.374197,1265.0,2,1260.0,194,1265.0,206,1,2454,2025-06-17
2025-06-17 09:26:16.906717,1265.0,2,1260.0,193,1265.0,193,1,2454,2025-06-17
2025-06-17 09:26:16.932784,1265.0,2,1260.0,193,1265.0,191,1,2454,2025-06-17
2025-06-17 09:26:16.945725,1265.0,1,1260.0,195,1265.0,190,1,2454,2025-06-17
2025-06-17 09:27:01.666062,1265.0,2,1260.0,189,1265.0,186,1,2454,2025-06-17
2025-06-17 09:27:16.918355,1265.0,1,1260.0,190,1265.0,191,1,2454,2025-06-17
2025-06-17 09:27:55.077990,1265.0,2,1260.0,190,1265.0,185,1,2454,2025-06-17
2025-06-17 09:27:58.452217,1260.0,1,1260.0,190,1265.0,185,2,2454,2025-06-17
2025-06-17 09:28:15.016508,1265.0,1,1260.0,202,1265.0,186,1,2454,2025-06-17
2025-06-17 09:28:29.850178,1265.0,2,1260.0,202,1265.0,187,1,2454,2025-06-17
2025-06-17 09:28:57.042894,1265.0,6,1260.0,207,1265.0,184,1,2454,2025-06-17
2025-06-17 09:28:57.067979,1265.0,14,1260.0,207,1265.0,170,1,2454,2025-06-17
2025-06-17 09:28:57.096424,1265.0,1,1260.0,209,1265.0,167,1,2454,2025-06-17
2025-06-17 09:28:57.098181,1265.0,63,1260.0,209,1265.0,104,1,2454,2025-06-17
2025-06-17 09:28:57.098191,1265.0,34,1260.0,209,1265.0,70,1,2454,2025-06-17
2025-06-17 09:28:57.129876,1265.0,6,1260.0,209,1265.0,64,1,2454,2025-06-17
2025-06-17 09:28:57.130058,1265.0,3,1260.0,209,1265.0,61,1,2454,2025-06-17
2025-06-17 09:28:57.130068,1265.0,1,1260.0,209,1265.0,60,1,2454,2025-06-17
2025-06-17 09:28:57.130110,1265.0,4,1260.0,207,1265.0,56,1,2454,2025-06-17
2025-06-17 09:28:57.243438,1265.0,1,1260.0,211,1265.0,55,1,2454,2025-06-17
2025-06-17 09:28:57.508735,1265.0,3,1260.0,196,1265.0,52,1,2454,2025-06-17
2025-06-17 09:28:58.008695,1265.0,2,1260.0,196,1265.0,47,1,2454,2025-06-17
2025-06-17 09:28:58.264775,1260.0,2,1260.0,194,1265.0,47,2,2454,2025-06-17
2025-06-17 09:28:58.620309,1265.0,1,1260.0,197,1265.0,47,1,2454,2025-06-17
2025-06-17 09:28:58.930917,1265.0,5,1260.0,197,1265.0,42,1,2454,2025-06-17
2025-06-17 09:29:00.582773,1265.0,1,1260.0,197,1265.0,40,1,2454,2025-06-17
2025-06-17 09:29:02.184359,1265.0,1,1260.0,229,1265.0,40,1,2454,2025-06-17
2025-06-17 09:29:03.363798,1260.0,1,1260.0,228,1265.0,37,2,2454,2025-06-17
2025-06-17 09:29:06.931147,1265.0,1,1260.0,228,1265.0,36,1,2454,2025-06-17
2025-06-17 09:29:11.657267,1265.0,6,1260.0,229,1265.0,31,1,2454,2025-06-17
2025-06-17 09:29:12.137904,1265.0,1,1260.0,229,1265.0,30,1,2454,2025-06-17
2025-06-17 09:29:13.671150,1265.0,1,1260.0,229,1265.0,29,1,2454,2025-06-17
2025-06-17 09:29:19.328431,1265.0,1,1260.0,222,1265.0,40,1,2454,2025-06-17
2025-06-17 09:29:20.580537,1265.0,1,1260.0,222,1265.0,39,1,2454,2025-06-17
2025-06-17 09:29:24.029519,1265.0,1,1260.0,222,1265.0,38,1,2454,2025-06-17
2025-06-17 09:29:32.281414,1265.0,1,1260.0,226,1265.0,45,1,2454,2025-06-17
2025-06-17 09:29:49.320483,1265.0,1,1260.0,231,1265.0,44,1,2454,2025-06-17
2025-06-17 09:30:00.678068,1265.0,3,1260.0,233,1265.0,41,1,2454,2025-06-17
2025-06-17 09:30:02.585717,1265.0,1,1260.0,235,1265.0,38,1,2454,2025-06-17
2025-06-17 09:30:04.058941,1260.0,1,1260.0,234,1265.0,37,2,2454,2025-06-17
2025-06-17 09:30:13.339346,1265.0,1,1260.0,233,1265.0,36,1,2454,2025-06-17
2025-06-17 09:30:32.208621,1265.0,2,1260.0,235,1265.0,36,1,2454,2025-06-17
2025-06-17 09:30:51.800496,1265.0,1,1260.0,348,1265.0,35,1,2454,2025-06-17
2025-06-17 09:31:09.901544,1265.0,3,1260.0,348,1265.0,33,1,2454,2025-06-17
2025-06-17 09:31:15.767408,1265.0,1,1260.0,349,1265.0,32,1,2454,2025-06-17
2025-06-17 09:31:28.028961,1265.0,1,1260.0,349,1265.0,31,1,2454,2025-06-17
2025-06-17 09:31:30.012143,1265.0,1,1260.0,348,1265.0,31,1,2454,2025-06-17
2025-06-17 09:31:35.725345,1265.0,1,1260.0,353,1265.0,28,1,2454,2025-06-17
2025-06-17 09:31:36.648885,1260.0,1,1260.0,352,1265.0,28,2,2454,2025-06-17
2025-06-17 09:31:36.835123,1260.0,1,1260.0,351,1265.0,28,2,2454,2025-06-17
2025-06-17 09:31:43.519844,1265.0,1,1260.0,354,1265.0,30,1,2454,2025-06-17
2025-06-17 09:31:53.164350,1265.0,1,1260.0,357,1265.0,30,1,2454,2025-06-17
2025-06-17 09:31:53.601152,1265.0,2,1260.0,357,1265.0,28,1,2454,2025-06-17
2025-06-17 09:31:54.378513,1260.0,1,1260.0,356,1265.0,28,2,2454,2025-06-17
2025-06-17 09:31:57.927348,1265.0,1,1260.0,356,1265.0,27,1,2454,2025-06-17
2025-06-17 09:31:58.861742,1265.0,1,1260.0,356,1265.0,26,1,2454,2025-06-17
2025-06-17 09:32:07.462699,1265.0,1,1260.0,356,1265.0,25,1,2454,2025-06-17
2025-06-17 09:32:08.048218,1260.0,1,1260.0,355,1265.0,25,2,2454,2025-06-17
2025-06-17 09:32:09.623519,1265.0,1,1260.0,356,1265.0,24,1,2454,2025-06-17
2025-06-17 09:32:18.292295,1265.0,3,1260.0,359,1265.0,21,1,2454,2025-06-17
2025-06-17 09:32:18.347355,1265.0,1,1260.0,358,1265.0,20,1,2454,2025-06-17
2025-06-17 09:32:18.392653,1260.0,1,1260.0,357,1265.0,20,2,2454,2025-06-17
2025-06-17 09:32:18.415739,1265.0,1,1260.0,357,1265.0,19,1,2454,2025-06-17
2025-06-17 09:32:19.596596,1265.0,1,1260.0,356,1265.0,18,1,2454,2025-06-17
2025-06-17 09:32:25.801561,1265.0,1,1260.0,356,1265.0,17,1,2454,2025-06-17
2025-06-17 09:32:28.165504,1265.0,1,1260.0,356,1265.0,16,1,2454,2025-06-17
2025-06-17 09:32:30.334989,1265.0,1,1260.0,356,1265.0,15,1,2454,2025-06-17
2025-06-17 09:32:30.392164,1265.0,1,1260.0,356,1265.0,14,1,2454,2025-06-17
2025-06-17 09:32:32.000425,1265.0,1,1260.0,356,1265.0,15,1,2454,2025-06-17
2025-06-17 09:32:32.034444,1265.0,1,1260.0,356,1265.0,14,1,2454,2025-06-17
2025-06-17 09:32:32.041454,1260.0,1,1260.0,355,1265.0,14,2,2454,2025-06-17
2025-06-17 09:32:35.431649,1265.0,1,1260.0,355,1265.0,14,1,2454,2025-06-17
2025-06-17 09:32:37.394859,1265.0,1,1260.0,355,1265.0,13,1,2454,2025-06-17
2025-06-17 09:32:37.430173,1265.0,5,1260.0,355,1265.0,8,1,2454,2025-06-17
2025-06-17 09:32:37.463255,1265.0,8,1260.0,355,1270.0,338,1,2454,2025-06-17
2025-06-17 09:32:37.469207,1265.0,1,1265.0,2,1270.0,336,2,2454,2025-06-17
2025-06-17 09:33:08.878748,1270.0,1,1265.0,31,1270.0,353,1,2454,2025-06-17
2025-06-17 09:33:48.415132,1270.0,2,1265.0,51,1270.0,341,1,2454,2025-06-17
2025-06-17 09:34:33.243360,1270.0,1,1265.0,50,1270.0,355,1,2454,2025-06-17
2025-06-17 09:34:43.105708,1270.0,1,1265.0,50,1270.0,356,1,2454,2025-06-17
2025-06-17 09:34:54.896375,1270.0,1,1265.0,51,1270.0,354,1,2454,2025-06-17
2025-06-17 09:35:01.355425,1270.0,1,1265.0,52,1270.0,353,1,2454,2025-06-17
2025-06-17 09:35:06.136912,1265.0,1,1265.0,67,1270.0,344,2,2454,2025-06-17
2025-06-17 09:35:20.702631,1265.0,1,1265.0,69,1270.0,350,2,2454,2025-06-17
2025-06-17 09:35:32.593108,1270.0,2,1265.0,58,1270.0,359,1,2454,2025-06-17
2025-06-17 09:35:59.171700,1265.0,2,1265.0,57,1270.0,356,2,2454,2025-06-17
2025-06-17 09:36:15.191307,1270.0,1,1265.0,52,1270.0,361,1,2454,2025-06-17
2025-06-17 09:36:15.851140,1265.0,1,1265.0,51,1270.0,361,2,2454,2025-06-17
2025-06-17 09:36:18.293697,1270.0,1,1265.0,55,1270.0,361,1,2454,2025-06-17
2025-06-17 09:36:29.930921,1265.0,1,1265.0,54,1270.0,362,2,2454,2025-06-17
2025-06-17 09:36:29.969005,1265.0,1,1265.0,53,1270.0,361,2,2454,2025-06-17
2025-06-17 09:36:30.927693,1265.0,1,1265.0,52,1270.0,361,2,2454,2025-06-17
2025-06-17 09:36:37.545441,1265.0,1,1265.0,51,1270.0,360,2,2454,2025-06-17
2025-06-17 09:36:54.839006,1265.0,3,1265.0,48,1270.0,358,2,2454,2025-06-17
2025-06-17 09:36:55.011036,1265.0,1,1265.0,47,1270.0,358,2,2454,2025-06-17
2025-06-17 09:37:07.593070,1265.0,1,1265.0,45,1270.0,360,2,2454,2025-06-17
2025-06-17 09:37:08.055961,1270.0,2,1265.0,45,1270.0,358,1,2454,2025-06-17
2025-06-17 09:37:08.102495,1265.0,1,1265.0,44,1270.0,357,2,2454,2025-06-17
2025-06-17 09:37:08.531791,1265.0,1,1265.0,43,1270.0,357,2,2454,2025-06-17
2025-06-17 09:37:29.257897,1270.0,3,1265.0,43,1270.0,359,1,2454,2025-06-17
2025-06-17 09:37:42.795773,1270.0,1,1265.0,50,1270.0,353,1,2454,2025-06-17
2025-06-17 09:37:42.870240,1265.0,1,1265.0,49,1270.0,353,2,2454,2025-06-17
2025-06-17 09:37:59.039900,1265.0,1,1265.0,72,1270.0,345,2,2454,2025-06-17
2025-06-17 09:38:20.777802,1265.0,5,1265.0,75,1270.0,345,2,2454,2025-06-17
2025-06-17 09:38:21.769846,1265.0,1,1265.0,74,1270.0,345,2,2454,2025-06-17
2025-06-17 09:38:40.711623,1270.0,1,1265.0,63,1270.0,344,1,2454,2025-06-17
2025-06-17 09:38:58.634118,1265.0,1,1265.0,56,1270.0,344,2,2454,2025-06-17
2025-06-17 09:38:59.251066,1265.0,1,1265.0,55,1270.0,344,2,2454,2025-06-17
2025-06-17 09:39:26.619198,1265.0,1,1265.0,54,1270.0,343,2,2454,2025-06-17
2025-06-17 09:41:33.687787,1265.0,1,1265.0,108,1270.0,337,2,2454,2025-06-17
2025-06-17 09:41:58.099903,1265.0,1,1265.0,115,1270.0,338,2,2454,2025-06-17
2025-06-17 09:42:26.862145,1265.0,18,1265.0,119,1270.0,341,2,2454,2025-06-17
2025-06-17 09:42:27.177758,1265.0,4,1265.0,115,1270.0,341,2,2454,2025-06-17
2025-06-17 09:42:28.221058,1265.0,1,1265.0,117,1270.0,341,2,2454,2025-06-17
2025-06-17 09:42:31.514943,1265.0,1,1265.0,116,1270.0,341,2,2454,2025-06-17
2025-06-17 09:42:32.979559,1270.0,1,1265.0,116,1270.0,340,1,2454,2025-06-17
2025-06-17 09:42:52.949543,1265.0,1,1265.0,203,1270.0,341,2,2454,2025-06-17
2025-06-17 09:42:53.073233,1265.0,1,1265.0,202,1270.0,341,2,2454,2025-06-17
2025-06-17 09:42:58.709626,1270.0,1,1265.0,212,1270.0,340,1,2454,2025-06-17
2025-06-17 09:43:04.598158,1265.0,7,1265.0,201,1270.0,339,2,2454,2025-06-17
2025-06-17 09:43:05.267838,1265.0,2,1265.0,199,1270.0,339,2,2454,2025-06-17
2025-06-17 09:43:10.233582,1270.0,1,1265.0,199,1270.0,338,1,2454,2025-06-17
2025-06-17 09:43:17.758458,1270.0,1,1265.0,202,1270.0,337,1,2454,2025-06-17
2025-06-17 09:43:51.662574,1265.0,1,1265.0,211,1270.0,336,2,2454,2025-06-17
2025-06-17 09:44:01.635872,1265.0,2,1265.0,212,1270.0,336,2,2454,2025-06-17
2025-06-17 09:44:02.594343,1265.0,1,1265.0,212,1270.0,335,2,2454,2025-06-17
2025-06-17 09:44:15.030496,1270.0,1,1265.0,207,1270.0,331,1,2454,2025-06-17
2025-06-17 09:44:26.906530,1270.0,5,1265.0,214,1270.0,326,1,2454,2025-06-17
2025-06-17 09:44:27.860541,1265.0,2,1265.0,212,1270.0,323,2,2454,2025-06-17
2025-06-17 09:44:37.042252,1270.0,1,1265.0,230,1270.0,322,1,2454,2025-06-17
2025-06-17 09:45:22.975731,1270.0,1,1265.0,243,1270.0,334,1,2454,2025-06-17
2025-06-17 09:46:07.353247,1270.0,1,1265.0,243,1270.0,333,1,2454,2025-06-17
2025-06-17 09:46:11.655132,1270.0,1,1265.0,243,1270.0,332,1,2454,2025-06-17
2025-06-17 09:46:52.745337,1270.0,1,1265.0,245,1270.0,333,1,2454,2025-06-17
2025-06-17 09:47:05.805196,1270.0,1,1265.0,247,1270.0,332,1,2454,2025-06-17
2025-06-17 09:47:07.622549,1270.0,1,1265.0,247,1270.0,331,1,2454,2025-06-17
2025-06-17 09:47:08.272163,1265.0,1,1265.0,246,1270.0,330,2,2454,2025-06-17
2025-06-17 09:47:08.614671,1270.0,1,1265.0,246,1270.0,329,1,2454,2025-06-17
2025-06-17 09:47:08.628638,1270.0,69,1265.0,246,1270.0,260,1,2454,2025-06-17
2025-06-17 09:47:08.648630,1270.0,8,1265.0,246,1270.0,252,1,2454,2025-06-17
2025-06-17 09:47:08.648644,1270.0,17,1265.0,246,1270.0,235,1,2454,2025-06-17
2025-06-17 09:47:08.648654,1270.0,4,1265.0,246,1270.0,231,1,2454,2025-06-17
2025-06-17 09:47:08.648754,1270.0,6,1265.0,246,1270.0,225,1,2454,2025-06-17
2025-06-17 09:47:08.648809,1270.0,5,1265.0,246,1270.0,220,1,2454,2025-06-17
2025-06-17 09:47:08.649845,1270.0,191,1265.0,246,1270.0,29,1,2454,2025-06-17
2025-06-17 09:47:08.650334,1270.0,4,1265.0,246,1270.0,25,1,2454,2025-06-17
2025-06-17 09:47:08.650665,1270.0,2,1265.0,246,1270.0,23,1,2454,2025-06-17
2025-06-17 09:47:08.650963,1270.0,4,1265.0,246,1270.0,19,1,2454,2025-06-17
2025-06-17 09:47:08.650968,1270.0,4,1265.0,247,1270.0,15,1,2454,2025-06-17
2025-06-17 09:47:08.677942,1270.0,4,1265.0,247,1270.0,11,1,2454,2025-06-17
2025-06-17 09:47:08.681304,1270.0,1,1265.0,250,1270.0,10,1,2454,2025-06-17
2025-06-17 09:47:08.681378,1270.0,1,1265.0,251,1270.0,9,1,2454,2025-06-17
2025-06-17 09:47:08.681388,1270.0,9,1265.0,251,1275.0,215,1,2454,2025-06-17
2025-06-17 09:47:10.807399,1275.0,4,1270.0,96,1275.0,229,1,2454,2025-06-17
2025-06-17 09:47:13.666415,1270.0,1,1270.0,95,1275.0,199,2,2454,2025-06-17
2025-06-17 09:47:25.265737,1275.0,5,1270.0,135,1275.0,180,1,2454,2025-06-17
2025-06-17 09:47:27.188323,1275.0,5,1270.0,137,1275.0,171,1,2454,2025-06-17
2025-06-17 09:47:29.669160,1275.0,5,1270.0,133,1275.0,366,1,2454,2025-06-17
2025-06-17 09:47:29.903771,1270.0,3,1270.0,135,1275.0,384,2,2454,2025-06-17
2025-06-17 09:47:31.868649,1275.0,1,1270.0,137,1275.0,386,1,2454,2025-06-17
2025-06-17 09:47:41.013498,1275.0,1,1270.0,151,1275.0,183,1,2454,2025-06-17
2025-06-17 09:47:56.739136,1275.0,2,1270.0,128,1275.0,176,1,2454,2025-06-17
2025-06-17 09:48:01.585866,1275.0,1,1270.0,127,1275.0,177,1,2454,2025-06-17
2025-06-17 09:49:07.438320,1275.0,1,1270.0,76,1275.0,176,1,2454,2025-06-17
2025-06-17 09:49:18.865186,1270.0,2,1270.0,83,1275.0,174,2,2454,2025-06-17
2025-06-17 09:49:34.347728,1275.0,1,1270.0,105,1275.0,174,1,2454,2025-06-17
2025-06-17 09:49:46.141093,1275.0,2,1270.0,106,1275.0,175,1,2454,2025-06-17
2025-06-17 09:50:05.926321,1270.0,1,1270.0,128,1275.0,179,2,2454,2025-06-17
2025-06-17 09:50:12.671859,1275.0,10,1270.0,130,1275.0,169,1,2454,2025-06-17
2025-06-17 09:50:17.366593,1270.0,1,1270.0,129,1275.0,167,2,2454,2025-06-17
2025-06-17 09:51:20.647236,1270.0,1,1270.0,160,1275.0,166,2,2454,2025-06-17
2025-06-17 09:51:56.999378,1275.0,100,1270.0,151,1275.0,77,1,2454,2025-06-17
2025-06-17 09:51:57.161952,1275.0,1,1270.0,153,1275.0,60,1,2454,2025-06-17
2025-06-17 09:51:58.102329,1275.0,11,1270.0,145,1275.0,46,1,2454,2025-06-17
2025-06-17 09:51:58.150891,1275.0,5,1270.0,148,1275.0,41,1,2454,2025-06-17
2025-06-17 09:51:58.158769,1275.0,1,1270.0,148,1275.0,40,1,2454,2025-06-17
2025-06-17 09:51:58.229467,1275.0,10,1270.0,138,1275.0,30,1,2454,2025-06-17
2025-06-17 09:51:58.882524,1275.0,1,1270.0,138,1275.0,29,1,2454,2025-06-17
2025-06-17 09:51:59.160454,1275.0,1,1270.0,138,1275.0,28,1,2454,2025-06-17
2025-06-17 09:52:00.475606,1275.0,5,1270.0,138,1275.0,23,1,2454,2025-06-17
2025-06-17 09:52:02.225397,1275.0,2,1270.0,138,1275.0,21,1,2454,2025-06-17
2025-06-17 09:52:02.812375,1275.0,6,1270.0,138,1275.0,15,1,2454,2025-06-17
2025-06-17 09:52:03.373162,1275.0,16,1275.0,34,1280.0,336,1,2454,2025-06-17
2025-06-17 09:52:11.454058,1275.0,1,1275.0,48,1280.0,351,2,2454,2025-06-17
2025-06-17 09:52:38.016561,1280.0,1,1275.0,81,1280.0,349,1,2454,2025-06-17
2025-06-17 09:52:47.886982,1275.0,1,1275.0,84,1280.0,349,2,2454,2025-06-17
2025-06-17 09:52:49.170802,1280.0,1,1275.0,85,1280.0,346,1,2454,2025-06-17
2025-06-17 09:53:08.003155,1280.0,1,1275.0,231,1280.0,340,1,2454,2025-06-17
2025-06-17 09:53:11.597555,1275.0,15,1275.0,216,1280.0,342,2,2454,2025-06-17
2025-06-17 09:53:14.571072,1280.0,1,1275.0,217,1280.0,337,1,2454,2025-06-17
2025-06-17 09:53:22.169466,1280.0,2,1275.0,224,1280.0,335,1,2454,2025-06-17
2025-06-17 09:53:50.207170,1280.0,1,1275.0,243,1280.0,310,1,2454,2025-06-17
2025-06-17 09:54:00.839614,1280.0,2,1275.0,146,1280.0,314,1,2454,2025-06-17
2025-06-17 09:54:10.749615,1280.0,1,1275.0,150,1280.0,314,1,2454,2025-06-17
2025-06-17 09:54:18.450170,1280.0,1,1275.0,150,1280.0,313,1,2454,2025-06-17
2025-06-17 09:54:19.946323,1275.0,4,1275.0,146,1280.0,313,2,2454,2025-06-17
2025-06-17 09:54:39.307762,1275.0,1,1275.0,149,1280.0,314,2,2454,2025-06-17
2025-06-17 09:54:59.743938,1275.0,1,1275.0,145,1280.0,317,2,2454,2025-06-17
2025-06-17 09:55:15.950902,1275.0,1,1275.0,134,1280.0,325,2,2454,2025-06-17
2025-06-17 09:55:21.991259,1275.0,1,1275.0,133,1280.0,327,2,2454,2025-06-17
2025-06-17 09:55:38.510025,1275.0,5,1275.0,138,1280.0,327,2,2454,2025-06-17
2025-06-17 09:55:44.909972,1275.0,10,1275.0,123,1280.0,336,2,2454,2025-06-17
2025-06-17 09:55:50.924270,1275.0,1,1275.0,125,1280.0,338,2,2454,2025-06-17
2025-06-17 09:55:51.306720,1280.0,2,1275.0,125,1280.0,336,1,2454,2025-06-17
2025-06-17 09:56:31.635371,1275.0,1,1275.0,131,1280.0,345,2,2454,2025-06-17
2025-06-17 09:56:46.318118,1275.0,1,1275.0,131,1280.0,343,2,2454,2025-06-17
2025-06-17 09:57:03.068039,1275.0,1,1275.0,131,1280.0,356,2,2454,2025-06-17
2025-06-17 09:57:35.128045,1280.0,1,1275.0,136,1280.0,356,1,2454,2025-06-17
2025-06-17 09:57:48.571166,1275.0,1,1275.0,135,1280.0,357,2,2454,2025-06-17
2025-06-17 09:57:53.283583,1275.0,1,1275.0,134,1280.0,356,2,2454,2025-06-17
2025-06-17 09:57:53.639514,1275.0,1,1275.0,133,1280.0,356,2,2454,2025-06-17
2025-06-17 09:57:55.935022,1280.0,1,1275.0,133,1280.0,355,1,2454,2025-06-17
2025-06-17 09:58:45.145538,1280.0,2,1275.0,128,1280.0,355,1,2454,2025-06-17
2025-06-17 09:58:47.533111,1275.0,1,1275.0,127,1280.0,355,2,2454,2025-06-17
2025-06-17 09:58:48.190272,1280.0,1,1275.0,127,1280.0,354,1,2454,2025-06-17
2025-06-17 09:58:53.520049,1280.0,1,1275.0,128,1280.0,352,1,2454,2025-06-17
2025-06-17 09:59:19.815009,1280.0,1,1275.0,130,1280.0,355,1,2454,2025-06-17
2025-06-17 09:59:29.513153,1275.0,1,1275.0,129,1280.0,357,2,2454,2025-06-17
2025-06-17 10:00:10.196411,1280.0,1,1275.0,137,1280.0,356,1,2454,2025-06-17
2025-06-17 10:01:00.711004,1280.0,1,1275.0,179,1280.0,355,1,2454,2025-06-17
2025-06-17 10:01:00.780209,1275.0,1,1275.0,178,1280.0,339,2,2454,2025-06-17
2025-06-17 10:01:02.213662,1275.0,1,1275.0,177,1280.0,339,2,2454,2025-06-17
2025-06-17 10:01:05.448438,1275.0,1,1275.0,174,1280.0,349,2,2454,2025-06-17
2025-06-17 10:01:07.901854,1275.0,23,1275.0,171,1280.0,354,2,2454,2025-06-17
2025-06-17 10:01:08.783384,1275.0,1,1275.0,144,1280.0,359,2,2454,2025-06-17
2025-06-17 10:01:08.994007,1275.0,2,1275.0,142,1280.0,357,2,2454,2025-06-17
2025-06-17 10:01:39.228437,1275.0,1,1275.0,139,1280.0,357,2,2454,2025-06-17
2025-06-17 10:01:39.789206,1280.0,1,1275.0,139,1280.0,356,1,2454,2025-06-17
2025-06-17 10:02:07.261713,1280.0,1,1275.0,139,1280.0,357,1,2454,2025-06-17
2025-06-17 10:02:25.459415,1275.0,3,1275.0,236,1280.0,347,2,2454,2025-06-17
2025-06-17 10:02:36.817325,1275.0,1,1275.0,241,1280.0,360,2,2454,2025-06-17
2025-06-17 10:02:38.178746,1275.0,1,1275.0,240,1280.0,360,2,2454,2025-06-17
2025-06-17 10:02:39.906206,1280.0,1,1275.0,240,1280.0,359,1,2454,2025-06-17
2025-06-17 10:02:41.167380,1275.0,1,1275.0,239,1280.0,343,2,2454,2025-06-17
2025-06-17 10:03:05.134357,1275.0,1,1275.0,242,1280.0,347,2,2454,2025-06-17
2025-06-17 10:03:19.717727,1280.0,13,1275.0,243,1280.0,339,1,2454,2025-06-17
2025-06-17 10:03:23.561823,1280.0,1,1275.0,252,1280.0,326,1,2454,2025-06-17
2025-06-17 10:03:59.436159,1280.0,1,1275.0,256,1280.0,327,1,2454,2025-06-17
2025-06-17 10:03:59.667233,1280.0,1,1275.0,256,1280.0,326,1,2454,2025-06-17
2025-06-17 10:03:59.915093,1280.0,1,1275.0,256,1280.0,325,1,2454,2025-06-17
2025-06-17 10:04:07.324044,1280.0,1,1275.0,255,1280.0,324,1,2454,2025-06-17
2025-06-17 10:04:14.835976,1280.0,1,1275.0,254,1280.0,325,1,2454,2025-06-17
2025-06-17 10:04:17.169712,1275.0,1,1275.0,253,1280.0,325,2,2454,2025-06-17
2025-06-17 10:04:22.980672,1275.0,10,1275.0,240,1280.0,326,2,2454,2025-06-17
2025-06-17 10:04:23.087130,1275.0,3,1275.0,235,1280.0,324,2,2454,2025-06-17
2025-06-17 10:04:31.662100,1275.0,1,1275.0,234,1280.0,327,2,2454,2025-06-17
2025-06-17 10:04:34.002262,1280.0,1,1275.0,234,1280.0,327,1,2454,2025-06-17
2025-06-17 10:05:21.416784,1275.0,1,1275.0,224,1280.0,330,2,2454,2025-06-17
2025-06-17 10:05:26.128733,1275.0,1,1275.0,223,1280.0,330,2,2454,2025-06-17
2025-06-17 10:05:29.554440,1280.0,1,1275.0,222,1280.0,329,1,2454,2025-06-17
2025-06-17 10:05:34.818223,1280.0,1,1275.0,222,1280.0,328,1,2454,2025-06-17
2025-06-17 10:05:53.208730,1275.0,1,1275.0,225,1280.0,327,2,2454,2025-06-17
2025-06-17 10:06:09.623993,1275.0,1,1275.0,225,1280.0,329,2,2454,2025-06-17
2025-06-17 10:06:10.952054,1275.0,2,1275.0,223,1280.0,327,2,2454,2025-06-17
2025-06-17 10:06:17.704013,1275.0,1,1275.0,220,1280.0,327,2,2454,2025-06-17
2025-06-17 10:06:30.656319,1275.0,3,1275.0,210,1280.0,351,2,2454,2025-06-17
2025-06-17 10:06:31.234378,1275.0,1,1275.0,209,1280.0,350,2,2454,2025-06-17
2025-06-17 10:06:41.150943,1280.0,1,1275.0,212,1280.0,354,1,2454,2025-06-17
2025-06-17 10:06:53.307238,1280.0,1,1275.0,212,1280.0,355,1,2454,2025-06-17
2025-06-17 10:07:04.923417,1275.0,1,1275.0,212,1280.0,355,2,2454,2025-06-17
2025-06-17 10:07:09.097607,1280.0,1,1275.0,212,1280.0,355,1,2454,2025-06-17
2025-06-17 10:07:17.705108,1280.0,1,1275.0,212,1280.0,351,1,2454,2025-06-17
2025-06-17 10:07:18.857083,1275.0,1,1275.0,211,1280.0,351,2,2454,2025-06-17
2025-06-17 10:07:18.971993,1275.0,1,1275.0,210,1280.0,351,2,2454,2025-06-17
2025-06-17 10:07:20.731964,1280.0,1,1275.0,210,1280.0,352,1,2454,2025-06-17
2025-06-17 10:07:21.620356,1280.0,1,1275.0,209,1280.0,352,1,2454,2025-06-17
2025-06-17 10:07:29.293881,1275.0,1,1275.0,211,1280.0,353,2,2454,2025-06-17
2025-06-17 10:07:31.149171,1275.0,1,1275.0,210,1280.0,353,2,2454,2025-06-17
2025-06-17 10:07:35.224396,1280.0,1,1275.0,225,1280.0,351,1,2454,2025-06-17
2025-06-17 10:07:35.399211,1275.0,1,1275.0,224,1280.0,349,2,2454,2025-06-17
2025-06-17 10:08:20.811224,1275.0,5,1275.0,225,1280.0,356,2,2454,2025-06-17
2025-06-17 10:08:28.134869,1275.0,1,1275.0,219,1280.0,357,2,2454,2025-06-17
2025-06-17 10:08:46.982507,1275.0,1,1275.0,218,1280.0,360,2,2454,2025-06-17
2025-06-17 10:09:01.489477,1275.0,1,1275.0,217,1280.0,360,2,2454,2025-06-17
2025-06-17 10:09:34.362971,1275.0,1,1275.0,219,1280.0,366,2,2454,2025-06-17
2025-06-17 10:09:34.903118,1275.0,1,1275.0,218,1280.0,365,2,2454,2025-06-17
2025-06-17 10:09:54.034693,1275.0,1,1275.0,218,1280.0,374,2,2454,2025-06-17
2025-06-17 10:10:22.074225,1280.0,1,1275.0,217,1280.0,372,1,2454,2025-06-17
2025-06-17 10:10:24.418759,1280.0,1,1275.0,217,1280.0,371,1,2454,2025-06-17
2025-06-17 10:10:26.984672,1275.0,1,1275.0,216,1280.0,370,2,2454,2025-06-17
2025-06-17 10:10:59.737193,1275.0,3,1275.0,122,1280.0,377,2,2454,2025-06-17
2025-06-17 10:10:59.760675,1275.0,19,1275.0,103,1280.0,377,2,2454,2025-06-17
2025-06-17 10:11:01.927020,1275.0,1,1275.0,105,1280.0,378,2,2454,2025-06-17
2025-06-17 10:11:03.912364,1275.0,50,1275.0,48,1280.0,378,2,2454,2025-06-17
2025-06-17 10:11:03.945618,1275.0,5,1275.0,43,1280.0,380,2,2454,2025-06-17
2025-06-17 10:11:03.945993,1275.0,15,1275.0,28,1280.0,380,2,2454,2025-06-17
2025-06-17 10:11:04.081795,1275.0,3,1275.0,25,1280.0,380,2,2454,2025-06-17
2025-06-17 10:11:04.226053,1275.0,19,1275.0,7,1280.0,380,2,2454,2025-06-17
2025-06-17 10:11:04.246688,1275.0,2,1275.0,5,1280.0,380,2,2454,2025-06-17
2025-06-17 10:11:04.246757,1275.0,3,1275.0,2,1280.0,378,2,2454,2025-06-17
2025-06-17 10:11:04.246902,1275.0,2,1270.0,385,1280.0,376,2,2454,2025-06-17
2025-06-17 10:11:04.298258,1275.0,6,1270.0,383,1275.0,2,1,2454,2025-06-17
2025-06-17 10:11:04.327588,1275.0,4,1270.0,383,1280.0,374,1,2454,2025-06-17
2025-06-17 10:11:04.405343,1275.0,2,1275.0,4,1280.0,373,2,2454,2025-06-17
2025-06-17 10:11:05.391393,1275.0,1,1275.0,2,1280.0,374,2,2454,2025-06-17
2025-06-17 10:11:05.649765,1275.0,1,1275.0,1,1280.0,374,2,2454,2025-06-17
2025-06-17 10:11:07.286619,1275.0,1,1270.0,386,1280.0,374,2,2454,2025-06-17
2025-06-17 10:11:08.443903,1275.0,1,1270.0,386,1275.0,3,1,2454,2025-06-17
2025-06-17 10:11:09.866426,1275.0,1,1270.0,395,1275.0,8,1,2454,2025-06-17
2025-06-17 10:11:13.596659,1275.0,2,1270.0,392,1275.0,12,1,2454,2025-06-17
2025-06-17 10:11:16.737799,1275.0,13,1270.0,392,1275.0,3,1,2454,2025-06-17
2025-06-17 10:11:22.815812,1270.0,2,1270.0,391,1275.0,5,2,2454,2025-06-17
2025-06-17 10:11:57.626944,1275.0,1,1270.0,291,1275.0,40,1,2454,2025-06-17
2025-06-17 10:12:17.233184,1270.0,1,1270.0,191,1275.0,64,2,2454,2025-06-17
2025-06-17 10:12:25.016800,1275.0,1,1270.0,187,1275.0,73,1,2454,2025-06-17
2025-06-17 10:13:25.109761,1275.0,1,1270.0,220,1275.0,87,1,2454,2025-06-17
2025-06-17 10:13:42.546364,1270.0,6,1270.0,215,1275.0,91,2,2454,2025-06-17
2025-06-17 10:13:53.192181,1270.0,1,1270.0,209,1275.0,96,2,2454,2025-06-17
2025-06-17 10:13:55.948090,1275.0,1,1270.0,212,1275.0,96,1,2454,2025-06-17
2025-06-17 10:14:04.013304,1270.0,1,1270.0,211,1275.0,98,2,2454,2025-06-17
2025-06-17 10:14:11.412456,1270.0,1,1270.0,206,1275.0,103,2,2454,2025-06-17
2025-06-17 10:14:13.149197,1275.0,3,1270.0,203,1275.0,101,1,2454,2025-06-17
2025-06-17 10:14:50.319745,1270.0,2,1270.0,182,1275.0,125,2,2454,2025-06-17
2025-06-17 10:14:52.115349,1275.0,1,1270.0,187,1275.0,125,1,2454,2025-06-17
2025-06-17 10:14:56.218997,1270.0,3,1270.0,184,1275.0,128,2,2454,2025-06-17
2025-06-17 10:15:00.666309,1270.0,1,1270.0,178,1275.0,232,2,2454,2025-06-17
2025-06-17 10:15:04.348295,1270.0,2,1270.0,176,1275.0,232,2,2454,2025-06-17
2025-06-17 10:15:19.465742,1270.0,1,1270.0,174,1275.0,238,2,2454,2025-06-17
2025-06-17 10:15:23.974447,1275.0,1,1270.0,172,1275.0,238,1,2454,2025-06-17
2025-06-17 10:15:29.150820,1270.0,1,1270.0,162,1275.0,238,2,2454,2025-06-17
2025-06-17 10:15:51.272423,1270.0,1,1270.0,160,1275.0,242,2,2454,2025-06-17
2025-06-17 10:15:59.276166,1270.0,1,1270.0,160,1275.0,245,2,2454,2025-06-17
2025-06-17 10:16:05.104480,1270.0,1,1270.0,169,1275.0,244,2,2454,2025-06-17
2025-06-17 10:16:08.434469,1270.0,1,1270.0,168,1275.0,244,2,2454,2025-06-17
2025-06-17 10:16:16.155315,1270.0,1,1270.0,177,1275.0,246,2,2454,2025-06-17
2025-06-17 10:16:18.307480,1270.0,1,1270.0,176,1275.0,247,2,2454,2025-06-17
2025-06-17 10:16:27.960861,1270.0,1,1270.0,157,1275.0,250,2,2454,2025-06-17
2025-06-17 10:16:35.298966,1270.0,1,1270.0,148,1275.0,251,2,2454,2025-06-17
2025-06-17 10:16:45.078941,1270.0,1,1270.0,147,1275.0,253,2,2454,2025-06-17
2025-06-17 10:16:53.402780,1270.0,1,1270.0,145,1275.0,256,2,2454,2025-06-17
2025-06-17 10:17:05.192316,1270.0,1,1270.0,146,1275.0,260,2,2454,2025-06-17
2025-06-17 10:17:27.873759,1270.0,1,1270.0,154,1275.0,262,2,2454,2025-06-17
2025-06-17 10:18:04.727055,1270.0,1,1270.0,143,1275.0,267,2,2454,2025-06-17
2025-06-17 10:18:11.639875,1270.0,1,1270.0,142,1275.0,267,2,2454,2025-06-17
2025-06-17 10:18:15.166774,1270.0,1,1270.0,142,1275.0,267,2,2454,2025-06-17
2025-06-17 10:18:33.429668,1270.0,1,1270.0,150,1275.0,267,2,2454,2025-06-17
2025-06-17 10:18:41.155050,1270.0,1,1270.0,147,1275.0,266,2,2454,2025-06-17
2025-06-17 10:18:44.179444,1270.0,1,1270.0,147,1275.0,266,2,2454,2025-06-17
2025-06-17 10:18:45.023747,1275.0,1,1270.0,146,1275.0,265,1,2454,2025-06-17
2025-06-17 10:19:14.913596,1270.0,3,1270.0,148,1275.0,266,2,2454,2025-06-17
2025-06-17 10:19:22.262324,1270.0,1,1270.0,148,1275.0,273,2,2454,2025-06-17
2025-06-17 10:19:23.695137,1270.0,1,1270.0,146,1275.0,273,2,2454,2025-06-17
2025-06-17 10:20:17.141676,1270.0,1,1270.0,122,1275.0,277,2,2454,2025-06-17
2025-06-17 10:21:11.897193,1270.0,1,1270.0,113,1275.0,280,2,2454,2025-06-17
2025-06-17 10:21:16.455947,1275.0,1,1270.0,112,1275.0,279,1,2454,2025-06-17
2025-06-17 10:21:41.339796,1270.0,1,1270.0,110,1275.0,280,2,2454,2025-06-17
2025-06-17 10:21:53.137018,1270.0,1,1270.0,110,1275.0,282,2,2454,2025-06-17
2025-06-17 10:22:08.654301,1270.0,1,1270.0,110,1275.0,285,2,2454,2025-06-17
2025-06-17 10:22:47.611968,1270.0,1,1270.0,112,1275.0,285,2,2454,2025-06-17
2025-06-17 10:23:08.338695,1270.0,1,1270.0,111,1275.0,291,2,2454,2025-06-17
2025-06-17 10:23:12.013968,1275.0,1,1270.0,110,1275.0,290,1,2454,2025-06-17
2025-06-17 10:23:12.353937,1275.0,1,1270.0,110,1275.0,289,1,2454,2025-06-17
2025-06-17 10:23:25.306244,1270.0,1,1270.0,109,1275.0,289,2,2454,2025-06-17
2025-06-17 10:23:29.186083,1270.0,1,1270.0,108,1275.0,288,2,2454,2025-06-17
2025-06-17 10:23:29.313233,1275.0,1,1270.0,108,1275.0,287,1,2454,2025-06-17
2025-06-17 10:23:34.913720,1270.0,2,1270.0,106,1275.0,287,2,2454,2025-06-17
2025-06-17 10:24:11.568733,1275.0,1,1270.0,106,1275.0,295,1,2454,2025-06-17
2025-06-17 10:24:20.324297,1270.0,1,1270.0,116,1275.0,295,2,2454,2025-06-17
2025-06-17 10:24:34.326041,1275.0,1,1270.0,115,1275.0,295,1,2454,2025-06-17
2025-06-17 10:24:51.128265,1270.0,1,1270.0,114,1275.0,296,2,2454,2025-06-17
2025-06-17 10:25:05.171165,1270.0,1,1270.0,114,1275.0,298,2,2454,2025-06-17
2025-06-17 10:25:08.308055,1270.0,1,1270.0,113,1275.0,296,2,2454,2025-06-17
2025-06-17 10:25:39.003737,1270.0,1,1270.0,127,1275.0,297,2,2454,2025-06-17
2025-06-17 10:25:48.976528,1270.0,1,1270.0,128,1275.0,297,2,2454,2025-06-17
2025-06-17 10:25:55.269950,1275.0,1,1270.0,128,1275.0,297,1,2454,2025-06-17
2025-06-17 10:25:59.269061,1275.0,1,1270.0,128,1275.0,296,1,2454,2025-06-17
2025-06-17 10:26:01.024857,1275.0,1,1270.0,135,1275.0,290,1,2454,2025-06-17
2025-06-17 10:26:06.345181,1270.0,1,1270.0,234,1275.0,289,2,2454,2025-06-17
2025-06-17 10:26:07.958954,1270.0,1,1270.0,233,1275.0,289,2,2454,2025-06-17
2025-06-17 10:26:13.360234,1270.0,2,1270.0,233,1275.0,291,2,2454,2025-06-17
2025-06-17 10:26:41.166253,1270.0,1,1270.0,115,1275.0,296,2,2454,2025-06-17
2025-06-17 10:26:57.051310,1275.0,1,1270.0,111,1275.0,302,1,2454,2025-06-17
2025-06-17 10:27:05.262003,1270.0,1,1270.0,113,1275.0,298,2,2454,2025-06-17
2025-06-17 10:27:20.627083,1270.0,1,1270.0,112,1275.0,302,2,2454,2025-06-17
2025-06-17 10:27:42.386304,1270.0,1,1270.0,112,1275.0,301,2,2454,2025-06-17
2025-06-17 10:28:14.534331,1270.0,1,1270.0,111,1275.0,301,2,2454,2025-06-17
2025-06-17 10:28:17.138677,1270.0,1,1270.0,110,1275.0,302,2,2454,2025-06-17
2025-06-17 10:28:27.837543,1270.0,1,1270.0,110,1275.0,307,2,2454,2025-06-17
2025-06-17 10:28:33.931669,1270.0,1,1270.0,107,1275.0,309,2,2454,2025-06-17
2025-06-17 10:29:00.564532,1275.0,1,1270.0,107,1275.0,309,1,2454,2025-06-17
2025-06-17 10:29:05.065955,1270.0,1,1270.0,106,1275.0,308,2,2454,2025-06-17
2025-06-17 10:29:27.228438,1270.0,1,1270.0,106,1275.0,333,2,2454,2025-06-17
2025-06-17 10:29:31.473731,1270.0,1,1270.0,105,1275.0,333,2,2454,2025-06-17
2025-06-17 10:29:41.984427,1275.0,1,1270.0,105,1275.0,333,1,2454,2025-06-17
2025-06-17 10:29:53.181621,1270.0,1,1270.0,102,1275.0,333,2,2454,2025-06-17
2025-06-17 10:29:54.987959,1275.0,3,1270.0,102,1275.0,330,1,2454,2025-06-17
2025-06-17 10:30:00.947096,1275.0,1,1270.0,97,1275.0,329,1,2454,2025-06-17
2025-06-17 10:30:29.986532,1270.0,1,1270.0,98,1275.0,300,2,2454,2025-06-17
2025-06-17 10:30:37.682863,1270.0,1,1270.0,202,1275.0,292,2,2454,2025-06-17
2025-06-17 10:30:51.500369,1270.0,1,1270.0,202,1275.0,322,2,2454,2025-06-17
2025-06-17 10:30:54.991274,1270.0,1,1270.0,200,1275.0,321,2,2454,2025-06-17
2025-06-17 10:31:23.849828,1275.0,1,1270.0,204,1275.0,320,1,2454,2025-06-17
2025-06-17 10:31:27.576538,1270.0,1,1270.0,207,1275.0,320,2,2454,2025-06-17
2025-06-17 10:31:29.170029,1270.0,1,1270.0,208,1275.0,319,2,2454,2025-06-17
2025-06-17 10:31:38.884276,1270.0,1,1270.0,212,1275.0,319,2,2454,2025-06-17
2025-06-17 10:31:54.162391,1270.0,1,1270.0,209,1275.0,324,2,2454,2025-06-17
2025-06-17 10:31:54.321094,1270.0,1,1270.0,208,1275.0,324,2,2454,2025-06-17
2025-06-17 10:32:05.796623,1275.0,1,1270.0,206,1275.0,321,1,2454,2025-06-17
2025-06-17 10:32:26.829261,1275.0,1,1270.0,207,1275.0,319,1,2454,2025-06-17
2025-06-17 10:32:52.194942,1270.0,1,1270.0,207,1275.0,320,2,2454,2025-06-17
2025-06-17 10:33:05.181899,1270.0,1,1270.0,206,1275.0,321,2,2454,2025-06-17
2025-06-17 10:33:22.975915,1270.0,1,1270.0,208,1275.0,321,2,2454,2025-06-17
2025-06-17 10:33:28.502273,1270.0,1,1270.0,207,1275.0,321,2,2454,2025-06-17
2025-06-17 10:33:28.676838,1270.0,1,1270.0,206,1275.0,321,2,2454,2025-06-17
2025-06-17 10:33:32.695964,1270.0,1,1270.0,205,1275.0,323,2,2454,2025-06-17
2025-06-17 10:33:58.024572,1275.0,1,1270.0,205,1275.0,320,1,2454,2025-06-17
2025-06-17 10:34:21.064891,1270.0,1,1270.0,206,1275.0,320,2,2454,2025-06-17
2025-06-17 10:34:42.170442,1270.0,2,1270.0,207,1275.0,323,2,2454,2025-06-17
2025-06-17 10:34:51.545834,1275.0,1,1270.0,207,1275.0,322,1,2454,2025-06-17
2025-06-17 10:35:24.196249,1275.0,1,1270.0,207,1275.0,343,1,2454,2025-06-17
2025-06-17 10:35:56.945475,1270.0,1,1270.0,207,1275.0,346,2,2454,2025-06-17
2025-06-17 10:35:57.107638,1270.0,1,1270.0,206,1275.0,346,2,2454,2025-06-17
2025-06-17 10:36:17.130278,1270.0,1,1270.0,218,1275.0,347,2,2454,2025-06-17
2025-06-17 10:36:34.334856,1275.0,1,1270.0,217,1275.0,346,1,2454,2025-06-17
2025-06-17 10:36:49.303345,1270.0,1,1270.0,215,1275.0,348,2,2454,2025-06-17
2025-06-17 10:36:57.133565,1275.0,1,1270.0,215,1275.0,348,1,2454,2025-06-17
2025-06-17 10:37:07.819543,1270.0,1,1270.0,216,1275.0,351,2,2454,2025-06-17
2025-06-17 10:37:07.981647,1270.0,1,1270.0,215,1275.0,351,2,2454,2025-06-17
2025-06-17 10:37:53.131544,1270.0,1,1270.0,204,1275.0,354,2,2454,2025-06-17
2025-06-17 10:38:03.182455,1275.0,1,1270.0,203,1275.0,352,1,2454,2025-06-17
2025-06-17 10:38:15.259203,1270.0,1,1270.0,204,1275.0,354,2,2454,2025-06-17
2025-06-17 10:38:16.369676,1270.0,1,1270.0,203,1275.0,354,2,2454,2025-06-17
2025-06-17 10:38:23.672834,1270.0,34,1270.0,165,1275.0,360,2,2454,2025-06-17
2025-06-17 10:38:23.702803,1270.0,4,1270.0,159,1275.0,362,2,2454,2025-06-17
2025-06-17 10:38:23.702818,1270.0,4,1270.0,155,1275.0,362,2,2454,2025-06-17
2025-06-17 10:38:23.703335,1270.0,23,1270.0,132,1275.0,362,2,2454,2025-06-17
2025-06-17 10:38:23.703933,1270.0,132,1265.0,324,1275.0,367,2,2454,2025-06-17
2025-06-17 10:38:23.760205,1270.0,3,1265.0,311,1270.0,25,1,2454,2025-06-17
2025-06-17 10:38:23.789482,1270.0,11,1265.0,309,1270.0,43,1,2454,2025-06-17
2025-06-17 10:38:23.800915,1265.0,2,1265.0,307,1270.0,43,2,2454,2025-06-17
2025-06-17 10:38:23.824714,1270.0,19,1265.0,309,1270.0,26,1,2454,2025-06-17
2025-06-17 10:38:23.825277,1270.0,1,1265.0,309,1270.0,25,1,2454,2025-06-17
2025-06-17 10:38:23.825875,1270.0,3,1265.0,309,1270.0,22,1,2454,2025-06-17
2025-06-17 10:38:23.858242,1265.0,4,1265.0,307,1270.0,30,2,2454,2025-06-17
2025-06-17 10:38:23.900938,1265.0,1,1265.0,307,1270.0,20,2,2454,2025-06-17
2025-06-17 10:38:26.095671,1265.0,17,1265.0,288,1270.0,48,2,2454,2025-06-17
2025-06-17 10:38:26.268300,1265.0,1,1265.0,288,1270.0,52,2,2454,2025-06-17
2025-06-17 10:38:26.482080,1265.0,6,1265.0,281,1270.0,46,2,2454,2025-06-17
2025-06-17 10:38:26.483137,1265.0,1,1265.0,280,1270.0,45,2,2454,2025-06-17
2025-06-17 10:38:43.786510,1265.0,1,1265.0,277,1270.0,60,2,2454,2025-06-17
2025-06-17 10:38:43.935000,1265.0,1,1265.0,276,1270.0,60,2,2454,2025-06-17
2025-06-17 10:38:52.577736,1265.0,1,1265.0,279,1270.0,56,2,2454,2025-06-17
2025-06-17 10:38:55.329089,1265.0,2,1265.0,277,1270.0,56,2,2454,2025-06-17
2025-06-17 10:39:04.966843,1270.0,1,1265.0,274,1270.0,69,1,2454,2025-06-17
2025-06-17 10:39:09.872386,1270.0,1,1265.0,271,1270.0,82,1,2454,2025-06-17
2025-06-17 10:39:09.970957,1265.0,1,1265.0,272,1270.0,79,2,2454,2025-06-17
2025-06-17 10:39:24.664222,1265.0,3,1265.0,266,1270.0,190,2,2454,2025-06-17
2025-06-17 10:39:29.122648,1265.0,1,1265.0,265,1270.0,195,2,2454,2025-06-17
2025-06-17 10:39:29.484934,1265.0,1,1265.0,264,1270.0,183,2,2454,2025-06-17
2025-06-17 10:39:35.956382,1265.0,1,1265.0,261,1270.0,185,2,2454,2025-06-17
2025-06-17 10:39:46.280463,1265.0,1,1265.0,263,1270.0,175,2,2454,2025-06-17
2025-06-17 10:39:48.225769,1265.0,1,1265.0,262,1270.0,174,2,2454,2025-06-17
2025-06-17 10:40:08.749710,1265.0,1,1265.0,259,1270.0,199,2,2454,2025-06-17
2025-06-17 10:41:05.139066,1265.0,1,1265.0,252,1270.0,202,2,2454,2025-06-17
2025-06-17 10:41:09.034168,1270.0,1,1265.0,252,1270.0,201,1,2454,2025-06-17
2025-06-17 10:41:18.093242,1265.0,1,1265.0,251,1270.0,202,2,2454,2025-06-17
2025-06-17 10:41:25.565695,1270.0,1,1265.0,251,1270.0,201,1,2454,2025-06-17
2025-06-17 10:41:55.927120,1270.0,1,1265.0,254,1270.0,201,1,2454,2025-06-17
2025-06-17 10:42:25.501437,1265.0,1,1265.0,254,1270.0,197,2,2454,2025-06-17
2025-06-17 10:42:31.206509,1265.0,1,1265.0,253,1270.0,197,2,2454,2025-06-17
2025-06-17 10:42:41.226125,1265.0,1,1265.0,252,1270.0,196,2,2454,2025-06-17
2025-06-17 10:43:38.964257,1270.0,1,1265.0,255,1270.0,201,1,2454,2025-06-17
2025-06-17 10:43:52.540334,1265.0,1,1265.0,257,1270.0,202,2,2454,2025-06-17
2025-06-17 10:43:52.716926,1265.0,1,1265.0,256,1270.0,202,2,2454,2025-06-17
2025-06-17 10:44:17.222351,1265.0,1,1265.0,254,1270.0,203,2,2454,2025-06-17
2025-06-17 10:44:26.394837,1265.0,1,1265.0,300,1270.0,202,2,2454,2025-06-17
2025-06-17 10:44:29.490146,1265.0,1,1265.0,299,1270.0,202,2,2454,2025-06-17
2025-06-17 10:44:54.949363,1270.0,1,1265.0,313,1270.0,202,1,2454,2025-06-17
2025-06-17 10:45:07.816285,1265.0,1,1265.0,305,1270.0,196,2,2454,2025-06-17
2025-06-17 10:45:53.176847,1265.0,1,1265.0,311,1270.0,196,2,2454,2025-06-17
2025-06-17 10:46:32.719445,1265.0,1,1265.0,313,1270.0,196,2,2454,2025-06-17
2025-06-17 10:47:29.128594,1265.0,1,1265.0,378,1270.0,193,2,2454,2025-06-17
2025-06-17 10:47:39.219205,1265.0,1,1265.0,367,1270.0,193,2,2454,2025-06-17
2025-06-17 10:47:39.381455,1265.0,1,1265.0,366,1270.0,193,2,2454,2025-06-17
2025-06-17 10:47:53.935831,1270.0,1,1265.0,377,1270.0,192,1,2454,2025-06-17
2025-06-17 10:47:53.985215,1270.0,1,1265.0,376,1270.0,191,1,2454,2025-06-17
2025-06-17 10:48:00.692756,1270.0,1,1265.0,377,1270.0,190,1,2454,2025-06-17
2025-06-17 10:48:04.971845,1265.0,2,1265.0,379,1270.0,189,2,2454,2025-06-17
2025-06-17 10:48:15.214685,1270.0,4,1265.0,382,1270.0,184,1,2454,2025-06-17
2025-06-17 10:48:17.868784,1265.0,1,1265.0,382,1270.0,182,2,2454,2025-06-17
2025-06-17 10:48:20.027778,1270.0,1,1265.0,382,1270.0,181,1,2454,2025-06-17
2025-06-17 10:48:20.070383,1270.0,1,1265.0,381,1270.0,180,1,2454,2025-06-17
2025-06-17 10:48:54.155610,1265.0,1,1265.0,370,1270.0,179,2,2454,2025-06-17
2025-06-17 10:49:05.203161,1265.0,1,1265.0,368,1270.0,179,2,2454,2025-06-17
2025-06-17 10:49:28.530382,1270.0,4,1265.0,400,1270.0,175,1,2454,2025-06-17
2025-06-17 10:49:31.207335,1270.0,3,1265.0,402,1270.0,172,1,2454,2025-06-17
2025-06-17 10:49:31.253538,1270.0,1,1265.0,401,1270.0,172,1,2454,2025-06-17
2025-06-17 10:49:35.821783,1265.0,1,1265.0,371,1270.0,171,2,2454,2025-06-17
2025-06-17 10:50:41.220795,1265.0,1,1265.0,382,1270.0,74,2,2454,2025-06-17
2025-06-17 10:50:41.727202,1270.0,1,1265.0,382,1270.0,73,1,2454,2025-06-17
2025-06-17 10:50:41.813060,1270.0,11,1265.0,381,1270.0,62,1,2454,2025-06-17
2025-06-17 10:50:41.915446,1270.0,4,1265.0,380,1270.0,59,1,2454,2025-06-17
2025-06-17 10:50:42.207736,1270.0,3,1265.0,389,1270.0,52,1,2454,2025-06-17
2025-06-17 10:50:42.227452,1270.0,9,1265.0,389,1270.0,43,1,2454,2025-06-17
2025-06-17 10:50:42.237045,1270.0,41,1265.0,389,1270.0,2,1,2454,2025-06-17
2025-06-17 10:50:42.251926,1270.0,1,1265.0,388,1270.0,1,1,2454,2025-06-17
2025-06-17 10:50:42.267618,1270.0,1,1270.0,1,1275.0,300,1,2454,2025-06-17
2025-06-17 10:50:42.305866,1275.0,5,1270.0,4,1275.0,292,1,2454,2025-06-17
2025-06-17 10:50:52.999287,1275.0,1,1270.0,49,1275.0,292,1,2454,2025-06-17
2025-06-17 10:50:53.043343,1275.0,1,1270.0,49,1275.0,291,1,2454,2025-06-17
2025-06-17 10:51:40.397127,1275.0,1,1270.0,85,1275.0,288,1,2454,2025-06-17
2025-06-17 10:52:17.125311,1270.0,1,1270.0,96,1275.0,288,2,2454,2025-06-17
2025-06-17 10:53:51.924190,1275.0,1,1270.0,101,1275.0,296,1,2454,2025-06-17
2025-06-17 10:53:53.179344,1270.0,1,1270.0,100,1275.0,296,2,2454,2025-06-17
2025-06-17 10:54:13.495422,1270.0,1,1270.0,99,1275.0,299,2,2454,2025-06-17
2025-06-17 10:55:01.329402,1275.0,1,1270.0,101,1275.0,299,1,2454,2025-06-17
2025-06-17 10:55:29.170299,1270.0,1,1270.0,107,1275.0,297,2,2454,2025-06-17
2025-06-17 10:55:31.038580,1275.0,1,1270.0,107,1275.0,296,1,2454,2025-06-17
2025-06-17 10:55:50.358212,1270.0,1,1270.0,106,1275.0,294,2,2454,2025-06-17
2025-06-17 10:55:50.409163,1275.0,1,1270.0,106,1275.0,293,1,2454,2025-06-17
2025-06-17 10:56:14.684330,1275.0,1,1270.0,105,1275.0,296,1,2454,2025-06-17
2025-06-17 10:56:48.509932,1270.0,2,1270.0,108,1275.0,290,2,2454,2025-06-17
2025-06-17 10:56:50.929457,1275.0,1,1270.0,108,1275.0,289,1,2454,2025-06-17
2025-06-17 10:57:05.174986,1270.0,1,1270.0,108,1275.0,312,2,2454,2025-06-17
2025-06-17 10:57:36.044844,1275.0,1,1270.0,100,1275.0,313,1,2454,2025-06-17
2025-06-17 10:57:56.845682,1270.0,2,1270.0,97,1275.0,314,2,2454,2025-06-17
2025-06-17 10:58:21.126310,1275.0,1,1270.0,96,1275.0,322,1,2454,2025-06-17
2025-06-17 10:58:21.166369,1275.0,1,1270.0,96,1275.0,321,1,2454,2025-06-17
2025-06-17 10:58:41.143185,1270.0,1,1270.0,96,1275.0,318,2,2454,2025-06-17
2025-06-17 10:59:49.937723,1275.0,1,1270.0,100,1275.0,312,1,2454,2025-06-17
2025-06-17 11:00:17.293080,1270.0,1,1270.0,101,1275.0,313,2,2454,2025-06-17
2025-06-17 11:01:53.545119,1270.0,1,1270.0,106,1275.0,331,2,2454,2025-06-17
2025-06-17 11:01:59.825673,1270.0,2,1270.0,104,1275.0,329,2,2454,2025-06-17
2025-06-17 11:02:29.451983,1270.0,1,1270.0,103,1275.0,328,2,2454,2025-06-17
2025-06-17 11:02:42.018355,1275.0,1,1270.0,104,1275.0,327,1,2454,2025-06-17
2025-06-17 11:02:48.931082,1275.0,1,1270.0,104,1275.0,327,1,2454,2025-06-17
2025-06-17 11:03:29.584937,1270.0,1,1270.0,103,1275.0,331,2,2454,2025-06-17
2025-06-17 11:03:33.921994,1270.0,1,1270.0,102,1275.0,331,2,2454,2025-06-17
2025-06-17 11:03:54.943091,1270.0,1,1270.0,99,1275.0,332,2,2454,2025-06-17
2025-06-17 11:05:05.581698,1270.0,1,1270.0,101,1275.0,337,2,2454,2025-06-17
2025-06-17 11:05:05.825609,1270.0,1,1270.0,100,1275.0,336,2,2454,2025-06-17
2025-06-17 11:05:22.241730,1270.0,1,1270.0,99,1275.0,336,2,2454,2025-06-17
2025-06-17 11:05:47.931022,1275.0,1,1270.0,98,1275.0,336,1,2454,2025-06-17
2025-06-17 11:05:54.691083,1270.0,1,1270.0,97,1275.0,333,2,2454,2025-06-17
2025-06-17 11:06:14.785999,1270.0,1,1270.0,95,1275.0,331,2,2454,2025-06-17
2025-06-17 11:06:15.760845,1270.0,1,1270.0,95,1275.0,330,2,2454,2025-06-17
2025-06-17 11:06:15.930438,1270.0,1,1270.0,94,1275.0,330,2,2454,2025-06-17
2025-06-17 11:06:34.327433,1275.0,1,1270.0,95,1275.0,329,1,2454,2025-06-17
2025-06-17 11:06:41.514101,1270.0,1,1270.0,94,1275.0,329,2,2454,2025-06-17
2025-06-17 11:06:59.572058,1270.0,1,1270.0,93,1275.0,328,2,2454,2025-06-17
2025-06-17 11:07:00.540412,1275.0,1,1270.0,93,1275.0,327,1,2454,2025-06-17
2025-06-17 11:07:55.759565,1270.0,1,1270.0,92,1275.0,340,2,2454,2025-06-17
2025-06-17 11:08:00.983739,1270.0,1,1270.0,92,1275.0,342,2,2454,2025-06-17
2025-06-17 11:08:01.140822,1270.0,1,1270.0,91,1275.0,342,2,2454,2025-06-17
2025-06-17 11:08:01.165358,1270.0,2,1270.0,89,1275.0,342,2,2454,2025-06-17
2025-06-17 11:08:12.379020,1270.0,1,1270.0,88,1275.0,344,2,2454,2025-06-17
2025-06-17 11:08:17.497436,1270.0,1,1270.0,87,1275.0,347,2,2454,2025-06-17
2025-06-17 11:08:27.199030,1270.0,1,1270.0,86,1275.0,349,2,2454,2025-06-17
2025-06-17 11:08:30.925806,1270.0,69,1270.0,17,1275.0,352,2,2454,2025-06-17
2025-06-17 11:08:30.960391,1270.0,4,1270.0,13,1275.0,352,2,2454,2025-06-17
2025-06-17 11:08:30.960423,1270.0,13,1265.0,334,1275.0,352,2,2454,2025-06-17
2025-06-17 11:08:30.969594,1270.0,1,1265.0,331,1270.0,1,1,2454,2025-06-17
2025-06-17 11:08:31.034560,1265.0,1,1265.0,328,1270.0,28,2,2454,2025-06-17
2025-06-17 11:08:31.076450,1270.0,13,1265.0,327,1270.0,19,1,2454,2025-06-17
2025-06-17 11:08:31.085341,1270.0,1,1265.0,327,1270.0,18,1,2454,2025-06-17
2025-06-17 11:08:31.755238,1265.0,4,1265.0,327,1270.0,37,2,2454,2025-06-17
2025-06-17 11:08:32.877267,1265.0,3,1265.0,324,1270.0,36,2,2454,2025-06-17
2025-06-17 11:08:41.931857,1270.0,1,1265.0,323,1270.0,40,1,2454,2025-06-17
2025-06-17 11:08:46.930178,1270.0,1,1265.0,322,1270.0,30,1,2454,2025-06-17
2025-06-17 11:08:46.947039,1270.0,8,1265.0,324,1270.0,29,1,2454,2025-06-17
2025-06-17 11:08:46.976599,1270.0,1,1265.0,328,1270.0,19,1,2454,2025-06-17
2025-06-17 11:08:54.290932,1270.0,1,1265.0,330,1270.0,18,1,2454,2025-06-17
2025-06-17 11:09:45.226584,1265.0,1,1265.0,325,1270.0,152,2,2454,2025-06-17
2025-06-17 11:09:53.026236,1270.0,1,1265.0,327,1270.0,155,1,2454,2025-06-17
2025-06-17 11:09:57.140996,1270.0,5,1265.0,328,1270.0,140,1,2454,2025-06-17
2025-06-17 11:10:25.044840,1270.0,1,1265.0,331,1270.0,139,1,2454,2025-06-17
2025-06-17 11:10:57.011866,1270.0,1,1265.0,334,1270.0,146,1,2454,2025-06-17
2025-06-17 11:11:29.024354,1270.0,1,1265.0,334,1270.0,146,1,2454,2025-06-17
2025-06-17 11:11:40.150740,1270.0,1,1265.0,333,1270.0,146,1,2454,2025-06-17
2025-06-17 11:11:45.928551,1270.0,1,1265.0,333,1270.0,145,1,2454,2025-06-17
2025-06-17 11:11:55.284748,1270.0,5,1265.0,339,1270.0,140,1,2454,2025-06-17
2025-06-17 11:12:01.018162,1270.0,1,1265.0,341,1270.0,139,1,2454,2025-06-17
2025-06-17 11:12:12.914929,1270.0,1,1265.0,342,1270.0,137,1,2454,2025-06-17
2025-06-17 11:12:33.017901,1270.0,1,1265.0,343,1270.0,137,1,2454,2025-06-17
2025-06-17 11:12:35.883664,1265.0,1,1265.0,342,1270.0,137,2,2454,2025-06-17
2025-06-17 11:13:05.023833,1270.0,1,1265.0,339,1270.0,137,1,2454,2025-06-17
2025-06-17 11:13:05.520443,1265.0,1,1265.0,338,1270.0,137,2,2454,2025-06-17
2025-06-17 11:13:37.030560,1270.0,1,1265.0,340,1270.0,137,1,2454,2025-06-17
2025-06-17 11:14:09.052068,1270.0,1,1265.0,340,1270.0,136,1,2454,2025-06-17
2025-06-17 11:14:12.019339,1270.0,1,1265.0,340,1270.0,135,1,2454,2025-06-17
2025-06-17 11:14:28.304068,1270.0,2,1265.0,340,1270.0,133,1,2454,2025-06-17
2025-06-17 11:14:31.116285,1270.0,1,1265.0,339,1270.0,132,1,2454,2025-06-17
2025-06-17 11:14:41.041575,1270.0,1,1265.0,339,1270.0,131,1,2454,2025-06-17
2025-06-17 11:14:44.925080,1270.0,1,1265.0,340,1270.0,130,1,2454,2025-06-17
2025-06-17 11:15:13.020802,1270.0,1,1265.0,340,1270.0,136,1,2454,2025-06-17
2025-06-17 11:15:25.383401,1270.0,1,1265.0,340,1270.0,136,1,2454,2025-06-17
2025-06-17 11:15:34.437638,1270.0,1,1265.0,341,1270.0,137,1,2454,2025-06-17
2025-06-17 11:15:45.027569,1270.0,1,1265.0,341,1270.0,136,1,2454,2025-06-17
2025-06-17 11:16:17.012288,1270.0,1,1265.0,344,1270.0,133,1,2454,2025-06-17
2025-06-17 11:16:49.019569,1270.0,1,1265.0,346,1270.0,132,1,2454,2025-06-17
2025-06-17 11:17:21.022223,1270.0,1,1265.0,356,1270.0,132,1,2454,2025-06-17
2025-06-17 11:17:43.926683,1270.0,1,1265.0,357,1270.0,137,1,2454,2025-06-17
2025-06-17 11:17:53.023625,1270.0,1,1265.0,357,1270.0,138,1,2454,2025-06-17
2025-06-17 11:17:55.518134,1265.0,1,1265.0,356,1270.0,138,2,2454,2025-06-17
2025-06-17 11:18:25.016146,1270.0,1,1265.0,354,1270.0,138,1,2454,2025-06-17
2025-06-17 11:18:57.013133,1270.0,1,1265.0,355,1270.0,137,1,2454,2025-06-17
2025-06-17 11:19:29.014320,1270.0,1,1265.0,357,1270.0,143,1,2454,2025-06-17
2025-06-17 11:19:32.537519,1265.0,1,1265.0,356,1270.0,143,2,2454,2025-06-17
2025-06-17 11:20:01.031311,1270.0,1,1265.0,356,1270.0,146,1,2454,2025-06-17
2025-06-17 11:20:40.334674,1270.0,1,1265.0,357,1270.0,144,1,2454,2025-06-17
2025-06-17 11:20:42.941407,1270.0,1,1265.0,357,1270.0,143,1,2454,2025-06-17
2025-06-17 11:20:43.778877,1270.0,1,1265.0,357,1270.0,142,1,2454,2025-06-17
2025-06-17 11:20:48.642016,1265.0,1,1265.0,358,1270.0,142,2,2454,2025-06-17
2025-06-17 11:21:09.574181,1265.0,1,1265.0,357,1270.0,142,2,2454,2025-06-17
2025-06-17 11:21:14.022201,1270.0,1,1265.0,357,1270.0,141,1,2454,2025-06-17
2025-06-17 11:21:20.885904,1265.0,1,1265.0,357,1270.0,142,2,2454,2025-06-17
2025-06-17 11:21:45.026493,1270.0,1,1265.0,356,1270.0,141,1,2454,2025-06-17
2025-06-17 11:21:50.021497,1270.0,1,1265.0,357,1270.0,140,1,2454,2025-06-17
2025-06-17 11:22:16.014607,1270.0,1,1265.0,357,1270.0,140,1,2454,2025-06-17
2025-06-17 11:22:19.059132,1265.0,1,1265.0,356,1270.0,141,2,2454,2025-06-17
2025-06-17 11:22:46.543330,1265.0,1,1265.0,355,1270.0,144,2,2454,2025-06-17
2025-06-17 11:22:47.021074,1270.0,1,1265.0,355,1270.0,144,1,2454,2025-06-17
2025-06-17 11:23:17.941900,1270.0,1,1265.0,355,1270.0,141,1,2454,2025-06-17
2025-06-17 11:23:18.016633,1270.0,1,1265.0,355,1270.0,140,1,2454,2025-06-17
2025-06-17 11:23:36.448949,1265.0,1,1265.0,352,1270.0,138,2,2454,2025-06-17
2025-06-17 11:23:41.931307,1270.0,1,1265.0,353,1270.0,138,1,2454,2025-06-17
2025-06-17 11:23:43.740561,1270.0,2,1265.0,353,1270.0,136,1,2454,2025-06-17
2025-06-17 11:23:49.008890,1270.0,1,1265.0,353,1270.0,134,1,2454,2025-06-17
2025-06-17 11:24:20.019874,1270.0,1,1265.0,355,1270.0,134,1,2454,2025-06-17
2025-06-17 11:24:23.538469,1265.0,1,1265.0,355,1270.0,134,2,2454,2025-06-17
2025-06-17 11:24:51.016173,1270.0,1,1265.0,356,1270.0,136,1,2454,2025-06-17
2025-06-17 11:24:52.120286,1265.0,1,1265.0,355,1270.0,136,2,2454,2025-06-17
2025-06-17 11:25:10.898881,1270.0,1,1265.0,356,1270.0,138,1,2454,2025-06-17
2025-06-17 11:25:22.022479,1270.0,1,1265.0,356,1270.0,137,1,2454,2025-06-17
2025-06-17 11:25:37.744774,1270.0,1,1265.0,356,1270.0,137,1,2454,2025-06-17
2025-06-17 11:25:53.019753,1270.0,1,1265.0,357,1270.0,137,1,2454,2025-06-17
2025-06-17 11:26:00.554026,1265.0,1,1265.0,358,1270.0,137,2,2454,2025-06-17
2025-06-17 11:26:00.574815,1270.0,1,1265.0,358,1270.0,136,1,2454,2025-06-17
2025-06-17 11:26:00.601533,1270.0,1,1265.0,358,1270.0,135,1,2454,2025-06-17
2025-06-17 11:26:22.730932,1265.0,1,1265.0,356,1270.0,135,2,2454,2025-06-17
2025-06-17 11:26:24.030126,1270.0,1,1265.0,356,1270.0,134,1,2454,2025-06-17
2025-06-17 11:26:40.936676,1270.0,1,1265.0,355,1270.0,134,1,2454,2025-06-17
2025-06-17 11:26:55.014255,1270.0,1,1265.0,357,1270.0,133,1,2454,2025-06-17
2025-06-17 11:27:13.676670,1270.0,1,1265.0,358,1270.0,135,1,2454,2025-06-17
2025-06-17 11:27:26.011961,1270.0,1,1265.0,358,1270.0,134,1,2454,2025-06-17
2025-06-17 11:27:37.395594,1270.0,1,1265.0,358,1270.0,133,1,2454,2025-06-17
2025-06-17 11:27:37.540112,1265.0,1,1265.0,357,1270.0,133,2,2454,2025-06-17
2025-06-17 11:27:57.018968,1270.0,1,1265.0,363,1270.0,132,1,2454,2025-06-17
2025-06-17 11:28:00.726398,1265.0,1,1265.0,362,1270.0,132,2,2454,2025-06-17
2025-06-17 11:28:28.020808,1270.0,1,1265.0,361,1270.0,131,1,2454,2025-06-17
2025-06-17 11:28:59.012147,1270.0,1,1265.0,362,1270.0,132,1,2454,2025-06-17
2025-06-17 11:29:14.601098,1265.0,1,1265.0,361,1270.0,130,2,2454,2025-06-17
2025-06-17 11:29:22.693668,1265.0,1,1265.0,358,1270.0,131,2,2454,2025-06-17
2025-06-17 11:29:28.029534,1270.0,1,1265.0,358,1270.0,130,1,2454,2025-06-17
2025-06-17 11:29:30.014737,1270.0,1,1265.0,358,1270.0,129,1,2454,2025-06-17
2025-06-17 11:29:39.884447,1265.0,1,1265.0,357,1270.0,129,2,2454,2025-06-17
2025-06-17 11:29:39.945556,1270.0,1,1265.0,357,1270.0,128,1,2454,2025-06-17
2025-06-17 11:30:01.008601,1270.0,1,1265.0,359,1270.0,126,1,2454,2025-06-17
2025-06-17 11:30:32.014712,1270.0,1,1265.0,359,1270.0,125,1,2454,2025-06-17
2025-06-17 11:30:47.392077,1265.0,1,1265.0,358,1270.0,125,2,2454,2025-06-17
2025-06-17 11:30:51.583285,1265.0,1,1265.0,357,1270.0,126,2,2454,2025-06-17
2025-06-17 11:31:03.045556,1270.0,1,1265.0,355,1270.0,125,1,2454,2025-06-17
2025-06-17 11:31:34.015883,1270.0,1,1265.0,355,1270.0,125,1,2454,2025-06-17
2025-06-17 11:32:05.008345,1270.0,1,1265.0,357,1270.0,123,1,2454,2025-06-17
2025-06-17 11:32:05.540232,1270.0,1,1265.0,357,1270.0,122,1,2454,2025-06-17
2025-06-17 11:32:20.011640,1265.0,1,1265.0,357,1270.0,122,2,2454,2025-06-17
2025-06-17 11:32:28.589433,1265.0,1,1265.0,361,1270.0,122,2,2454,2025-06-17
2025-06-17 11:32:36.016721,1270.0,1,1265.0,361,1270.0,121,1,2454,2025-06-17
2025-06-17 11:32:38.203670,1270.0,5,1265.0,361,1270.0,116,1,2454,2025-06-17
2025-06-17 11:32:38.242000,1270.0,3,1265.0,361,1270.0,113,1,2454,2025-06-17
2025-06-17 11:32:38.284832,1270.0,2,1265.0,362,1270.0,111,1,2454,2025-06-17
2025-06-17 11:32:38.915063,1270.0,1,1265.0,363,1270.0,110,1,2454,2025-06-17
2025-06-17 11:32:44.245390,1270.0,1,1265.0,364,1270.0,109,1,2454,2025-06-17
2025-06-17 11:32:46.205024,1270.0,1,1265.0,364,1270.0,108,1,2454,2025-06-17
2025-06-17 11:33:07.012101,1270.0,1,1265.0,365,1270.0,106,1,2454,2025-06-17
2025-06-17 11:33:38.015558,1270.0,1,1265.0,365,1270.0,109,1,2454,2025-06-17
2025-06-17 11:33:46.747991,1265.0,1,1265.0,365,1270.0,106,2,2454,2025-06-17
2025-06-17 11:34:05.577811,1265.0,1,1265.0,362,1270.0,110,2,2454,2025-06-17
2025-06-17 11:34:09.016848,1270.0,1,1265.0,362,1270.0,109,1,2454,2025-06-17
2025-06-17 11:34:40.012607,1270.0,1,1265.0,361,1270.0,107,1,2454,2025-06-17
2025-06-17 11:35:11.017671,1270.0,1,1265.0,362,1270.0,107,1,2454,2025-06-17
2025-06-17 11:35:11.064072,1270.0,1,1265.0,361,1270.0,106,1,2454,2025-06-17
2025-06-17 11:35:13.775604,1265.0,1,1265.0,360,1270.0,105,2,2454,2025-06-17
2025-06-17 11:35:15.022685,1270.0,1,1265.0,360,1270.0,104,1,2454,2025-06-17
2025-06-17 11:35:37.927806,1270.0,1,1265.0,360,1270.0,103,1,2454,2025-06-17
2025-06-17 11:35:42.009326,1270.0,1,1265.0,360,1270.0,102,1,2454,2025-06-17
2025-06-17 11:35:42.524436,1265.0,1,1265.0,359,1270.0,102,2,2454,2025-06-17
2025-06-17 11:36:13.019454,1270.0,1,1265.0,360,1270.0,101,1,2454,2025-06-17
2025-06-17 11:36:31.117379,1265.0,1,1265.0,379,1270.0,101,2,2454,2025-06-17
2025-06-17 11:36:40.129760,1265.0,1,1265.0,358,1270.0,102,2,2454,2025-06-17
2025-06-17 11:36:44.012594,1270.0,1,1265.0,358,1270.0,105,1,2454,2025-06-17
2025-06-17 11:36:44.054649,1270.0,1,1265.0,357,1270.0,104,1,2454,2025-06-17
2025-06-17 11:37:04.057959,1265.0,1,1265.0,358,1270.0,105,2,2454,2025-06-17
2025-06-17 11:37:07.054055,1270.0,1,1265.0,378,1270.0,103,1,2454,2025-06-17
2025-06-17 11:37:15.010193,1270.0,1,1265.0,359,1270.0,101,1,2454,2025-06-17
2025-06-17 11:37:19.512787,1265.0,1,1265.0,359,1270.0,103,2,2454,2025-06-17
2025-06-17 11:37:35.782759,1270.0,4,1265.0,380,1270.0,99,1,2454,2025-06-17
2025-06-17 11:37:46.038376,1270.0,1,1265.0,381,1270.0,95,1,2454,2025-06-17
2025-06-17 11:37:46.093936,1270.0,1,1265.0,380,1270.0,94,1,2454,2025-06-17
2025-06-17 11:37:48.761605,1270.0,3,1265.0,380,1270.0,91,1,2454,2025-06-17
2025-06-17 11:37:58.928461,1265.0,1,1265.0,382,1270.0,90,2,2454,2025-06-17
2025-06-17 11:38:07.716095,1265.0,1,1265.0,379,1270.0,93,2,2454,2025-06-17
2025-06-17 11:38:17.024208,1270.0,1,1265.0,358,1270.0,92,1,2454,2025-06-17
2025-06-17 11:38:36.915026,1270.0,1,1265.0,358,1270.0,91,1,2454,2025-06-17
2025-06-17 11:38:48.035568,1270.0,1,1265.0,358,1270.0,89,1,2454,2025-06-17
2025-06-17 11:38:48.986994,1265.0,2,1265.0,358,1270.0,87,2,2454,2025-06-17
2025-06-17 11:38:49.079447,1265.0,1,1265.0,355,1270.0,87,2,2454,2025-06-17
2025-06-17 11:38:56.592632,1265.0,1,1265.0,354,1270.0,87,2,2454,2025-06-17
2025-06-17 11:39:07.343099,1270.0,1,1265.0,354,1270.0,85,1,2454,2025-06-17
2025-06-17 11:39:07.343272,1270.0,2,1265.0,352,1270.0,83,1,2454,2025-06-17
2025-06-17 11:39:07.343533,1270.0,1,1265.0,351,1270.0,82,1,2454,2025-06-17
2025-06-17 11:39:19.028175,1270.0,1,1265.0,351,1270.0,81,1,2454,2025-06-17
2025-06-17 11:39:21.909021,1270.0,1,1265.0,351,1270.0,81,1,2454,2025-06-17
2025-06-17 11:39:34.743795,1265.0,1,1265.0,349,1270.0,82,2,2454,2025-06-17
2025-06-17 11:39:49.664546,1270.0,1,1265.0,351,1270.0,81,1,2454,2025-06-17
2025-06-17 11:39:50.009242,1270.0,1,1265.0,351,1270.0,80,1,2454,2025-06-17
2025-06-17 11:40:21.010733,1270.0,1,1265.0,376,1270.0,78,1,2454,2025-06-17
2025-06-17 11:40:21.219035,1270.0,1,1265.0,378,1270.0,77,1,2454,2025-06-17
2025-06-17 11:40:28.125077,1265.0,1,1265.0,356,1270.0,77,2,2454,2025-06-17
2025-06-17 11:40:33.591838,1265.0,1,1265.0,353,1270.0,77,2,2454,2025-06-17
2025-06-17 11:40:49.384191,1265.0,1,1265.0,352,1270.0,77,2,2454,2025-06-17
2025-06-17 11:40:52.011940,1270.0,1,1265.0,352,1270.0,76,1,2454,2025-06-17
2025-06-17 11:41:03.155102,1270.0,2,1265.0,352,1270.0,75,1,2454,2025-06-17
2025-06-17 11:41:03.403076,1265.0,1,1265.0,351,1270.0,75,2,2454,2025-06-17
2025-06-17 11:41:23.011308,1270.0,1,1265.0,373,1270.0,73,1,2454,2025-06-17
2025-06-17 11:41:23.033867,1270.0,2,1265.0,373,1270.0,71,1,2454,2025-06-17
2025-06-17 11:41:23.062812,1270.0,1,1265.0,373,1270.0,70,1,2454,2025-06-17
2025-06-17 11:41:23.087071,1270.0,2,1265.0,373,1270.0,68,1,2454,2025-06-17
2025-06-17 11:41:25.788677,1270.0,1,1265.0,375,1270.0,67,1,2454,2025-06-17
2025-06-17 11:41:35.904911,1270.0,1,1265.0,375,1270.0,69,1,2454,2025-06-17
2025-06-17 11:41:54.028489,1270.0,1,1265.0,375,1270.0,68,1,2454,2025-06-17
2025-06-17 11:41:54.547356,1270.0,1,1265.0,374,1270.0,67,1,2454,2025-06-17
2025-06-17 11:42:10.552349,1265.0,1,1265.0,370,1270.0,69,2,2454,2025-06-17
2025-06-17 11:42:11.465792,1265.0,1,1265.0,369,1270.0,69,2,2454,2025-06-17
2025-06-17 11:42:19.946884,1270.0,2,1265.0,347,1270.0,68,1,2454,2025-06-17
2025-06-17 11:42:25.013041,1270.0,1,1265.0,347,1270.0,70,1,2454,2025-06-17
2025-06-17 11:42:55.322335,1270.0,1,1265.0,368,1270.0,70,1,2454,2025-06-17
2025-06-17 11:42:56.023640,1270.0,1,1265.0,368,1270.0,69,1,2454,2025-06-17
2025-06-17 11:43:02.814000,1270.0,5,1265.0,374,1270.0,64,1,2454,2025-06-17
2025-06-17 11:43:02.881935,1270.0,1,1265.0,375,1270.0,63,1,2454,2025-06-17
2025-06-17 11:43:27.009265,1270.0,1,1265.0,375,1270.0,61,1,2454,2025-06-17
2025-06-17 11:43:47.578848,1265.0,1,1265.0,377,1270.0,60,2,2454,2025-06-17
2025-06-17 11:43:58.012859,1270.0,1,1265.0,376,1270.0,59,1,2454,2025-06-17
2025-06-17 11:44:29.007929,1270.0,1,1265.0,353,1270.0,61,1,2454,2025-06-17
2025-06-17 11:44:34.917487,1270.0,1,1265.0,353,1270.0,60,1,2454,2025-06-17
2025-06-17 11:44:45.055725,1270.0,1,1265.0,354,1270.0,59,1,2454,2025-06-17
2025-06-17 11:45:00.042976,1270.0,1,1265.0,354,1270.0,60,1,2454,2025-06-17
2025-06-17 11:45:00.327092,1270.0,1,1265.0,354,1270.0,59,1,2454,2025-06-17
2025-06-17 11:45:03.618089,1265.0,1,1265.0,354,1270.0,59,2,2454,2025-06-17
2025-06-17 11:45:07.443781,1265.0,2,1265.0,351,1270.0,59,2,2454,2025-06-17
2025-06-17 11:45:07.576520,1265.0,1,1265.0,347,1270.0,59,2,2454,2025-06-17
2025-06-17 11:45:24.523011,1265.0,1,1265.0,345,1270.0,59,2,2454,2025-06-17
2025-06-17 11:45:31.078339,1270.0,1,1265.0,345,1270.0,55,1,2454,2025-06-17
2025-06-17 11:46:02.053307,1270.0,1,1265.0,344,1270.0,56,1,2454,2025-06-17
2025-06-17 11:46:33.025823,1270.0,1,1265.0,344,1270.0,60,1,2454,2025-06-17
2025-06-17 11:46:51.567171,1270.0,1,1265.0,344,1270.0,59,1,2454,2025-06-17
2025-06-17 11:47:01.511232,1265.0,1,1265.0,343,1270.0,57,2,2454,2025-06-17
2025-06-17 11:47:04.010606,1270.0,1,1265.0,343,1270.0,56,1,2454,2025-06-17
2025-06-17 11:47:05.652597,1265.0,6,1265.0,337,1270.0,56,2,2454,2025-06-17
2025-06-17 11:47:33.904159,1270.0,1,1265.0,336,1270.0,62,1,2454,2025-06-17
2025-06-17 11:47:35.022759,1270.0,1,1265.0,335,1270.0,61,1,2454,2025-06-17
2025-06-17 11:47:49.006012,1265.0,1,1265.0,335,1270.0,59,2,2454,2025-06-17
2025-06-17 11:48:06.046747,1270.0,1,1265.0,355,1270.0,63,1,2454,2025-06-17
2025-06-17 11:48:08.648202,1270.0,5,1265.0,355,1270.0,58,1,2454,2025-06-17
2025-06-17 11:48:37.035099,1270.0,1,1265.0,334,1270.0,58,1,2454,2025-06-17
2025-06-17 11:48:52.877699,1265.0,1,1265.0,333,1270.0,58,2,2454,2025-06-17
2025-06-17 11:49:08.011974,1270.0,1,1265.0,331,1270.0,58,1,2454,2025-06-17
2025-06-17 11:49:39.043064,1270.0,1,1265.0,331,1270.0,59,1,2454,2025-06-17
2025-06-17 11:49:42.327839,1270.0,1,1265.0,331,1270.0,58,1,2454,2025-06-17
2025-06-17 11:49:56.108329,1270.0,2,1265.0,334,1270.0,57,1,2454,2025-06-17
2025-06-17 11:50:10.017816,1270.0,1,1265.0,355,1270.0,56,1,2454,2025-06-17
2025-06-17 11:50:32.907936,1270.0,1,1265.0,335,1270.0,56,1,2454,2025-06-17
2025-06-17 11:50:41.067831,1270.0,1,1265.0,334,1270.0,55,1,2454,2025-06-17
2025-06-17 11:50:54.000036,1270.0,1,1265.0,334,1270.0,54,1,2454,2025-06-17
2025-06-17 11:51:12.021114,1270.0,1,1265.0,334,1270.0,53,1,2454,2025-06-17
2025-06-17 11:51:14.953740,1270.0,1,1265.0,333,1270.0,52,1,2454,2025-06-17
2025-06-17 11:51:43.030344,1270.0,1,1265.0,353,1270.0,53,1,2454,2025-06-17
2025-06-17 11:51:52.591326,1265.0,1,1265.0,356,1270.0,51,2,2454,2025-06-17
2025-06-17 11:52:06.882185,1270.0,20,1265.0,334,1270.0,32,1,2454,2025-06-17
2025-06-17 11:52:07.988382,1270.0,1,1265.0,336,1270.0,31,1,2454,2025-06-17
2025-06-17 11:52:09.569288,1265.0,1,1265.0,335,1270.0,31,2,2454,2025-06-17
2025-06-17 11:52:14.011671,1270.0,1,1265.0,333,1270.0,33,1,2454,2025-06-17
2025-06-17 11:52:23.031233,1270.0,1,1265.0,333,1270.0,32,1,2454,2025-06-17
2025-06-17 11:52:45.011115,1270.0,1,1265.0,333,1270.0,31,1,2454,2025-06-17
2025-06-17 11:52:45.510054,1270.0,23,1265.0,333,1270.0,8,1,2454,2025-06-17
2025-06-17 11:52:49.142253,1270.0,1,1265.0,335,1270.0,10,1,2454,2025-06-17
2025-06-17 11:53:04.916443,1270.0,3,1265.0,335,1270.0,8,1,2454,2025-06-17
2025-06-17 11:53:16.020417,1270.0,1,1265.0,334,1270.0,10,1,2454,2025-06-17
2025-06-17 11:53:29.580198,1265.0,1,1265.0,332,1270.0,10,2,2454,2025-06-17
2025-06-17 11:53:31.905184,1270.0,1,1265.0,332,1270.0,9,1,2454,2025-06-17
2025-06-17 11:53:47.013082,1270.0,1,1265.0,332,1270.0,8,1,2454,2025-06-17
2025-06-17 11:53:50.460386,1270.0,1,1265.0,332,1270.0,7,1,2454,2025-06-17
2025-06-17 11:54:03.998162,1270.0,2,1265.0,331,1270.0,11,1,2454,2025-06-17
2025-06-17 11:54:11.513506,1270.0,1,1265.0,332,1270.0,10,1,2454,2025-06-17
2025-06-17 11:54:12.523919,1270.0,1,1265.0,332,1270.0,9,1,2454,2025-06-17
2025-06-17 11:54:18.008517,1270.0,1,1265.0,332,1270.0,8,1,2454,2025-06-17
2025-06-17 11:54:24.822558,1270.0,1,1265.0,333,1270.0,8,1,2454,2025-06-17
2025-06-17 11:54:44.737234,1270.0,1,1265.0,333,1270.0,8,1,2454,2025-06-17
2025-06-17 11:54:49.031636,1270.0,1,1265.0,333,1270.0,7,1,2454,2025-06-17
2025-06-17 11:55:06.549668,1265.0,1,1265.0,332,1270.0,7,2,2454,2025-06-17
2025-06-17 11:55:20.030303,1270.0,1,1265.0,332,1270.0,6,1,2454,2025-06-17
2025-06-17 11:55:26.906046,1270.0,1,1265.0,332,1270.0,6,1,2454,2025-06-17
2025-06-17 11:55:38.511424,1270.0,1,1265.0,333,1270.0,11,1,2454,2025-06-17
2025-06-17 11:55:48.875607,1270.0,1,1265.0,333,1270.0,11,1,2454,2025-06-17
2025-06-17 11:55:50.883054,1270.0,1,1265.0,333,1270.0,10,1,2454,2025-06-17
2025-06-17 11:55:51.007072,1270.0,1,1265.0,333,1270.0,9,1,2454,2025-06-17
2025-06-17 11:56:22.014152,1270.0,1,1265.0,333,1270.0,9,1,2454,2025-06-17
2025-06-17 11:56:28.122146,1265.0,1,1265.0,333,1270.0,10,2,2454,2025-06-17
2025-06-17 11:56:30.904894,1270.0,1,1265.0,331,1270.0,9,1,2454,2025-06-17
2025-06-17 11:56:36.621473,1270.0,1,1265.0,331,1270.0,8,1,2454,2025-06-17
2025-06-17 11:56:41.540336,1270.0,1,1265.0,332,1270.0,7,1,2454,2025-06-17
2025-06-17 11:56:53.013033,1270.0,1,1265.0,334,1270.0,6,1,2454,2025-06-17
2025-06-17 11:57:13.865902,1270.0,3,1265.0,333,1270.0,3,1,2454,2025-06-17
2025-06-17 11:57:15.343257,1270.0,1,1265.0,334,1270.0,2,1,2454,2025-06-17
2025-06-17 11:57:16.782345,1270.0,1,1265.0,334,1270.0,1,1,2454,2025-06-17
2025-06-17 11:57:16.827395,1270.0,1,1265.0,333,1275.0,290,1,2454,2025-06-17
2025-06-17 11:57:17.144921,1270.0,21,1270.0,12,1275.0,290,2,2454,2025-06-17
2025-06-17 11:57:24.020311,1275.0,1,1270.0,20,1275.0,293,1,2454,2025-06-17
2025-06-17 11:57:55.017195,1275.0,1,1270.0,40,1275.0,293,1,2454,2025-06-17
2025-06-17 11:58:00.303390,1270.0,1,1270.0,39,1275.0,293,2,2454,2025-06-17
2025-06-17 11:58:26.006204,1275.0,1,1270.0,37,1275.0,294,1,2454,2025-06-17
2025-06-17 11:58:57.015537,1275.0,1,1270.0,37,1275.0,295,1,2454,2025-06-17
2025-06-17 11:59:00.642783,1275.0,1,1270.0,38,1275.0,294,1,2454,2025-06-17
2025-06-17 11:59:10.396802,1270.0,5,1270.0,33,1275.0,295,2,2454,2025-06-17
2025-06-17 11:59:28.022630,1275.0,1,1270.0,35,1275.0,296,1,2454,2025-06-17
2025-06-17 11:59:29.917635,1275.0,1,1270.0,35,1275.0,295,1,2454,2025-06-17
2025-06-17 11:59:59.003872,1275.0,1,1270.0,43,1275.0,292,1,2454,2025-06-17
2025-06-17 12:00:14.019484,1275.0,1,1270.0,47,1275.0,292,1,2454,2025-06-17
2025-06-17 12:00:26.735249,1270.0,1,1270.0,46,1275.0,292,2,2454,2025-06-17
2025-06-17 12:00:30.008078,1275.0,1,1270.0,47,1275.0,291,1,2454,2025-06-17
2025-06-17 12:01:01.028409,1275.0,1,1270.0,47,1275.0,294,1,2454,2025-06-17
2025-06-17 12:01:28.543780,1275.0,1,1270.0,57,1275.0,292,1,2454,2025-06-17
2025-06-17 12:01:32.025872,1275.0,1,1270.0,57,1275.0,291,1,2454,2025-06-17
2025-06-17 12:01:34.584633,1270.0,1,1270.0,57,1275.0,291,2,2454,2025-06-17
2025-06-17 12:02:03.017286,1275.0,1,1270.0,62,1275.0,296,1,2454,2025-06-17
2025-06-17 12:02:29.908199,1275.0,1,1270.0,61,1275.0,296,1,2454,2025-06-17
2025-06-17 12:02:34.009047,1275.0,1,1270.0,61,1275.0,295,1,2454,2025-06-17
2025-06-17 12:02:43.571587,1275.0,1,1270.0,61,1275.0,294,1,2454,2025-06-17
2025-06-17 12:02:47.816205,1275.0,1,1270.0,61,1275.0,293,1,2454,2025-06-17
2025-06-17 12:03:05.005451,1275.0,1,1270.0,62,1275.0,295,1,2454,2025-06-17
2025-06-17 12:03:11.309486,1270.0,1,1270.0,61,1275.0,295,2,2454,2025-06-17
2025-06-17 12:03:36.008179,1275.0,1,1270.0,67,1275.0,299,1,2454,2025-06-17
2025-06-17 12:04:00.572791,1275.0,1,1270.0,67,1275.0,300,1,2454,2025-06-17
2025-06-17 12:04:00.591077,1275.0,1,1270.0,67,1275.0,299,1,2454,2025-06-17
2025-06-17 12:04:02.594835,1275.0,1,1270.0,67,1275.0,298,1,2454,2025-06-17
2025-06-17 12:04:02.965172,1275.0,1,1270.0,67,1275.0,298,1,2454,2025-06-17
2025-06-17 12:04:04.347144,1275.0,1,1270.0,66,1275.0,297,1,2454,2025-06-17
2025-06-17 12:04:07.008907,1275.0,1,1270.0,70,1275.0,296,1,2454,2025-06-17
2025-06-17 12:04:31.088921,1270.0,1,1270.0,68,1275.0,298,2,2454,2025-06-17
2025-06-17 12:04:38.026920,1275.0,1,1270.0,68,1275.0,298,1,2454,2025-06-17
2025-06-17 12:04:48.207319,1270.0,1,1270.0,67,1275.0,298,2,2454,2025-06-17
2025-06-17 12:05:09.048442,1275.0,1,1270.0,69,1275.0,301,1,2454,2025-06-17
2025-06-17 12:05:17.442877,1275.0,1,1270.0,69,1275.0,301,1,2454,2025-06-17
2025-06-17 12:05:29.951968,1275.0,1,1270.0,70,1275.0,299,1,2454,2025-06-17
2025-06-17 12:05:40.010958,1275.0,1,1270.0,71,1275.0,300,1,2454,2025-06-17
2025-06-17 12:05:49.478917,1270.0,1,1270.0,70,1275.0,300,2,2454,2025-06-17
2025-06-17 12:06:11.020692,1275.0,1,1270.0,70,1275.0,301,1,2454,2025-06-17
2025-06-17 12:06:25.093040,1270.0,1,1270.0,69,1275.0,305,2,2454,2025-06-17
2025-06-17 12:06:40.164664,1275.0,1,1270.0,70,1275.0,304,1,2454,2025-06-17
2025-06-17 12:06:42.035978,1275.0,1,1270.0,70,1275.0,303,1,2454,2025-06-17
2025-06-17 12:07:13.004918,1275.0,1,1270.0,71,1275.0,307,1,2454,2025-06-17
2025-06-17 12:07:44.076234,1275.0,1,1270.0,74,1275.0,309,1,2454,2025-06-17
2025-06-17 12:08:01.974540,1270.0,1,1270.0,73,1275.0,310,2,2454,2025-06-17
2025-06-17 12:08:02.183251,1275.0,1,1270.0,74,1275.0,309,1,2454,2025-06-17
2025-06-17 12:08:15.028020,1275.0,1,1270.0,74,1275.0,307,1,2454,2025-06-17
2025-06-17 12:08:29.907962,1275.0,1,1270.0,74,1275.0,307,1,2454,2025-06-17
2025-06-17 12:08:46.009295,1275.0,1,1270.0,74,1275.0,305,1,2454,2025-06-17
2025-06-17 12:08:50.697051,1270.0,1,1270.0,73,1275.0,303,2,2454,2025-06-17
2025-06-17 12:09:15.965920,1270.0,1,1270.0,73,1275.0,305,2,2454,2025-06-17
2025-06-17 12:09:17.024865,1275.0,1,1270.0,73,1275.0,304,1,2454,2025-06-17
2025-06-17 12:09:25.018110,1275.0,1,1270.0,73,1275.0,306,1,2454,2025-06-17
2025-06-17 12:09:30.415561,1270.0,1,1270.0,72,1275.0,306,2,2454,2025-06-17
2025-06-17 12:09:38.940583,1270.0,1,1270.0,78,1275.0,308,2,2454,2025-06-17
2025-06-17 12:09:39.786691,1270.0,1,1270.0,77,1275.0,307,2,2454,2025-06-17
2025-06-17 12:09:44.106212,1275.0,1,1270.0,78,1275.0,306,1,2454,2025-06-17
2025-06-17 12:09:48.009358,1275.0,1,1270.0,78,1275.0,305,1,2454,2025-06-17
2025-06-17 12:10:04.068206,1275.0,1,1270.0,78,1275.0,304,1,2454,2025-06-17
2025-06-17 12:10:19.012919,1275.0,1,1270.0,78,1275.0,305,1,2454,2025-06-17
2025-06-17 12:10:30.191876,1275.0,1,1270.0,78,1275.0,305,1,2454,2025-06-17
2025-06-17 12:10:44.809708,1275.0,1,1270.0,78,1275.0,302,1,2454,2025-06-17
2025-06-17 12:10:50.012963,1275.0,1,1270.0,75,1275.0,301,1,2454,2025-06-17
2025-06-17 12:11:00.485497,1275.0,1,1270.0,76,1275.0,300,1,2454,2025-06-17
2025-06-17 12:11:01.382972,1270.0,2,1270.0,74,1275.0,300,2,2454,2025-06-17
2025-06-17 12:11:15.974820,1270.0,1,1270.0,73,1275.0,302,2,2454,2025-06-17
2025-06-17 12:11:21.009640,1275.0,1,1270.0,73,1275.0,301,1,2454,2025-06-17
2025-06-17 12:11:24.566137,1270.0,1,1270.0,72,1275.0,301,2,2454,2025-06-17
2025-06-17 12:11:29.906550,1275.0,1,1270.0,70,1275.0,300,1,2454,2025-06-17
2025-06-17 12:11:52.025741,1275.0,1,1270.0,72,1275.0,299,1,2454,2025-06-17
2025-06-17 12:12:23.010147,1275.0,1,1270.0,72,1275.0,297,1,2454,2025-06-17
2025-06-17 12:12:45.969170,1275.0,1,1270.0,74,1275.0,295,1,2454,2025-06-17
2025-06-17 12:12:53.041615,1270.0,1,1270.0,72,1275.0,295,2,2454,2025-06-17
2025-06-17 12:12:54.018185,1275.0,1,1270.0,73,1275.0,294,1,2454,2025-06-17
2025-06-17 12:12:55.389270,1270.0,1,1270.0,72,1275.0,293,2,2454,2025-06-17
2025-06-17 12:13:12.039669,1270.0,1,1270.0,73,1275.0,291,2,2454,2025-06-17
2025-06-17 12:13:16.510754,1275.0,45,1270.0,73,1275.0,247,1,2454,2025-06-17
2025-06-17 12:13:18.089373,1270.0,1,1270.0,75,1275.0,247,2,2454,2025-06-17
2025-06-17 12:13:20.915526,1270.0,1,1270.0,74,1275.0,248,2,2454,2025-06-17
2025-06-17 12:13:25.017346,1275.0,1,1270.0,72,1275.0,247,1,2454,2025-06-17
2025-06-17 12:13:49.585313,1270.0,1,1270.0,63,1275.0,249,2,2454,2025-06-17
2025-06-17 12:13:56.041262,1275.0,1,1270.0,66,1275.0,249,1,2454,2025-06-17
2025-06-17 12:14:27.046538,1275.0,1,1270.0,70,1275.0,249,1,2454,2025-06-17
2025-06-17 12:14:29.911812,1275.0,1,1270.0,70,1275.0,247,1,2454,2025-06-17
2025-06-17 12:14:30.233206,1270.0,1,1270.0,69,1275.0,247,2,2454,2025-06-17
2025-06-17 12:14:35.018282,1275.0,1,1270.0,69,1275.0,246,1,2454,2025-06-17
2025-06-17 12:14:58.018936,1275.0,1,1270.0,69,1275.0,246,1,2454,2025-06-17
2025-06-17 12:14:59.864059,1275.0,40,1270.0,69,1275.0,206,1,2454,2025-06-17
2025-06-17 12:14:59.914227,1275.0,1,1270.0,73,1275.0,230,1,2454,2025-06-17
2025-06-17 12:15:04.452933,1270.0,3,1270.0,72,1275.0,233,2,2454,2025-06-17
2025-06-17 12:15:21.397597,1270.0,1,1270.0,79,1275.0,233,2,2454,2025-06-17
2025-06-17 12:15:29.017992,1275.0,1,1270.0,82,1275.0,236,1,2454,2025-06-17
2025-06-17 12:16:00.009101,1275.0,1,1270.0,84,1275.0,237,1,2454,2025-06-17
2025-06-17 12:16:01.691026,1270.0,1,1270.0,83,1275.0,237,2,2454,2025-06-17
2025-06-17 12:16:07.271428,1270.0,1,1270.0,82,1275.0,237,2,2454,2025-06-17
2025-06-17 12:16:22.561379,1270.0,83,1265.0,343,1270.0,17,2,2454,2025-06-17
2025-06-17 12:16:22.712295,1270.0,4,1265.0,340,1270.0,23,1,2454,2025-06-17
2025-06-17 12:16:23.125665,1265.0,6,1265.0,334,1270.0,24,2,2454,2025-06-17
2025-06-17 12:16:31.021201,1270.0,1,1265.0,330,1270.0,72,1,2454,2025-06-17
2025-06-17 12:16:39.400776,1265.0,1,1265.0,326,1270.0,75,2,2454,2025-06-17
2025-06-17 12:17:02.014134,1270.0,1,1265.0,325,1270.0,74,1,2454,2025-06-17
2025-06-17 12:17:09.378736,1265.0,1,1265.0,322,1270.0,65,2,2454,2025-06-17
2025-06-17 12:17:29.906126,1270.0,1,1265.0,324,1270.0,65,1,2454,2025-06-17
2025-06-17 12:17:33.026486,1270.0,1,1265.0,323,1270.0,64,1,2454,2025-06-17
2025-06-17 12:17:44.247217,1265.0,1,1265.0,323,1270.0,64,2,2454,2025-06-17
2025-06-17 12:18:04.028222,1270.0,1,1265.0,323,1270.0,64,1,2454,2025-06-17
2025-06-17 12:18:15.607340,1265.0,1,1265.0,323,1270.0,64,2,2454,2025-06-17
2025-06-17 12:18:27.652405,1265.0,1,1265.0,323,1270.0,65,2,2454,2025-06-17
2025-06-17 12:18:35.016288,1270.0,1,1265.0,323,1270.0,64,1,2454,2025-06-17
2025-06-17 12:19:06.010799,1270.0,1,1265.0,325,1270.0,66,1,2454,2025-06-17
2025-06-17 12:19:16.001664,1270.0,8,1265.0,325,1270.0,57,1,2454,2025-06-17
2025-06-17 12:19:21.218894,1265.0,1,1265.0,328,1270.0,56,2,2454,2025-06-17
2025-06-17 12:19:32.107533,1265.0,1,1265.0,329,1270.0,55,2,2454,2025-06-17
2025-06-17 12:19:32.868468,1265.0,1,1265.0,328,1270.0,58,2,2454,2025-06-17
2025-06-17 12:19:37.027589,1270.0,1,1265.0,328,1270.0,58,1,2454,2025-06-17
2025-06-17 12:19:52.066640,1265.0,1,1265.0,327,1270.0,59,2,2454,2025-06-17
2025-06-17 12:20:08.010084,1270.0,1,1265.0,326,1270.0,60,1,2454,2025-06-17
2025-06-17 12:20:11.298443,1270.0,1,1265.0,326,1270.0,59,1,2454,2025-06-17
2025-06-17 12:20:22.378214,1265.0,1,1265.0,326,1270.0,59,2,2454,2025-06-17
2025-06-17 12:20:29.910205,1270.0,1,1265.0,326,1270.0,66,1,2454,2025-06-17
2025-06-17 12:20:39.042807,1270.0,1,1265.0,326,1270.0,65,1,2454,2025-06-17
2025-06-17 12:20:56.017115,1270.0,1,1265.0,327,1270.0,56,1,2454,2025-06-17
2025-06-17 12:21:04.028211,1265.0,1,1265.0,328,1270.0,54,2,2454,2025-06-17
2025-06-17 12:21:09.733292,1265.0,1,1265.0,327,1270.0,55,2,2454,2025-06-17
2025-06-17 12:21:10.034715,1270.0,1,1265.0,327,1270.0,54,1,2454,2025-06-17
2025-06-17 12:21:41.038166,1270.0,1,1265.0,328,1270.0,54,1,2454,2025-06-17
2025-06-17 12:21:56.533756,1265.0,1,1265.0,327,1270.0,54,2,2454,2025-06-17
2025-06-17 12:22:12.021448,1270.0,1,1265.0,328,1270.0,53,1,2454,2025-06-17
2025-06-17 12:22:20.909785,1270.0,1,1265.0,329,1270.0,52,1,2454,2025-06-17
2025-06-17 12:22:43.017860,1270.0,1,1265.0,330,1270.0,51,1,2454,2025-06-17
2025-06-17 12:22:44.304807,1265.0,1,1265.0,329,1270.0,51,2,2454,2025-06-17
2025-06-17 12:22:56.064517,1270.0,1,1265.0,327,1270.0,52,1,2454,2025-06-17
2025-06-17 12:23:00.504602,1270.0,1,1265.0,328,1270.0,51,1,2454,2025-06-17
2025-06-17 12:23:14.038201,1270.0,1,1265.0,327,1270.0,51,1,2454,2025-06-17
2025-06-17 12:23:29.431881,1270.0,11,1265.0,316,1270.0,40,1,2454,2025-06-17
2025-06-17 12:23:29.912690,1270.0,1,1265.0,318,1270.0,37,1,2454,2025-06-17
2025-06-17 12:23:34.947504,1270.0,7,1265.0,315,1270.0,30,1,2454,2025-06-17
2025-06-17 12:23:36.401801,1270.0,1,1265.0,314,1270.0,26,1,2454,2025-06-17
2025-06-17 12:23:45.011114,1270.0,1,1265.0,314,1270.0,25,1,2454,2025-06-17
2025-06-17 12:23:46.908753,1270.0,1,1265.0,316,1270.0,29,1,2454,2025-06-17
2025-06-17 12:23:51.222754,1270.0,1,1265.0,316,1270.0,29,1,2454,2025-06-17
2025-06-17 12:24:12.306152,1265.0,1,1265.0,318,1270.0,28,2,2454,2025-06-17
2025-06-17 12:24:13.676686,1270.0,1,1265.0,318,1270.0,27,1,2454,2025-06-17
2025-06-17 12:24:15.120429,1265.0,1,1265.0,317,1270.0,27,2,2454,2025-06-17
2025-06-17 12:24:16.020234,1270.0,1,1265.0,317,1270.0,26,1,2454,2025-06-17
2025-06-17 12:24:41.024371,1270.0,2,1265.0,316,1270.0,24,1,2454,2025-06-17
2025-06-17 12:24:47.018567,1270.0,1,1265.0,314,1270.0,28,1,2454,2025-06-17
2025-06-17 12:24:51.353337,1270.0,1,1265.0,314,1270.0,27,1,2454,2025-06-17
2025-06-17 12:24:56.008729,1270.0,1,1265.0,315,1270.0,27,1,2454,2025-06-17
2025-06-17 12:25:03.781072,1270.0,1,1265.0,316,1270.0,27,1,2454,2025-06-17
2025-06-17 12:25:06.529767,1265.0,1,1265.0,315,1270.0,27,2,2454,2025-06-17
2025-06-17 12:25:17.603921,1270.0,3,1265.0,315,1270.0,24,1,2454,2025-06-17
2025-06-17 12:25:18.019874,1270.0,1,1265.0,315,1270.0,23,1,2454,2025-06-17
2025-06-17 12:25:25.808142,1270.0,1,1265.0,315,1270.0,22,1,2454,2025-06-17
2025-06-17 12:25:43.865565,1270.0,1,1265.0,316,1270.0,24,1,2454,2025-06-17
2025-06-17 12:25:49.037346,1270.0,1,1265.0,316,1270.0,23,1,2454,2025-06-17
2025-06-17 12:25:49.237518,1265.0,1,1265.0,315,1270.0,23,2,2454,2025-06-17
2025-06-17 12:26:03.123424,1270.0,3,1265.0,316,1270.0,21,1,2454,2025-06-17
2025-06-17 12:26:20.011210,1270.0,1,1265.0,316,1270.0,18,1,2454,2025-06-17
2025-06-17 12:26:29.913220,1270.0,1,1265.0,316,1270.0,17,1,2454,2025-06-17
2025-06-17 12:26:50.452542,1270.0,1,1265.0,316,1270.0,18,1,2454,2025-06-17
2025-06-17 12:26:51.010407,1270.0,1,1265.0,316,1270.0,18,1,2454,2025-06-17
2025-06-17 12:27:22.024353,1270.0,1,1265.0,321,1270.0,20,1,2454,2025-06-17
2025-06-17 12:27:26.263931,1265.0,1,1265.0,318,1270.0,20,2,2454,2025-06-17
2025-06-17 12:27:53.019953,1270.0,1,1265.0,322,1270.0,21,1,2454,2025-06-17
2025-06-17 12:28:16.641787,1265.0,2,1265.0,318,1270.0,21,2,2454,2025-06-17
2025-06-17 12:28:20.952065,1270.0,3,1265.0,319,1270.0,21,1,2454,2025-06-17
2025-06-17 12:28:24.003067,1270.0,1,1265.0,319,1270.0,17,1,2454,2025-06-17
2025-06-17 12:28:55.016430,1270.0,1,1265.0,321,1270.0,21,1,2454,2025-06-17
2025-06-17 12:29:03.298307,1265.0,1,1265.0,320,1270.0,21,2,2454,2025-06-17
2025-06-17 12:29:04.904552,1270.0,1,1265.0,320,1270.0,20,1,2454,2025-06-17
2025-06-17 12:29:26.021535,1270.0,1,1265.0,322,1270.0,18,1,2454,2025-06-17
2025-06-17 12:29:26.430696,1270.0,3,1265.0,322,1270.0,15,1,2454,2025-06-17
2025-06-17 12:29:29.238463,1270.0,1,1265.0,322,1270.0,17,1,2454,2025-06-17
2025-06-17 12:29:29.913717,1270.0,1,1265.0,322,1270.0,16,1,2454,2025-06-17
2025-06-17 12:29:33.307637,1270.0,1,1265.0,321,1270.0,15,1,2454,2025-06-17
2025-06-17 12:29:57.022774,1270.0,1,1265.0,322,1270.0,14,1,2454,2025-06-17
2025-06-17 12:30:09.470840,1270.0,2,1265.0,322,1270.0,12,1,2454,2025-06-17
2025-06-17 12:30:28.008409,1270.0,1,1265.0,328,1270.0,13,1,2454,2025-06-17
2025-06-17 12:30:34.073015,1270.0,1,1265.0,328,1270.0,12,1,2454,2025-06-17
2025-06-17 12:30:40.245721,1265.0,1,1265.0,327,1270.0,13,2,2454,2025-06-17
2025-06-17 12:30:55.350234,1270.0,1,1265.0,325,1270.0,12,1,2454,2025-06-17
2025-06-17 12:30:59.015117,1270.0,1,1265.0,325,1270.0,11,1,2454,2025-06-17
2025-06-17 12:31:30.009148,1270.0,1,1265.0,324,1270.0,13,1,2454,2025-06-17
2025-06-17 12:32:01.024200,1270.0,1,1265.0,324,1270.0,16,1,2454,2025-06-17
2025-06-17 12:32:01.251985,1270.0,1,1265.0,324,1270.0,15,1,2454,2025-06-17
2025-06-17 12:32:06.251786,1270.0,1,1265.0,325,1270.0,14,1,2454,2025-06-17
2025-06-17 12:32:29.930986,1270.0,1,1265.0,326,1270.0,13,1,2454,2025-06-17
2025-06-17 12:32:32.038563,1270.0,1,1265.0,326,1270.0,12,1,2454,2025-06-17
2025-06-17 12:32:50.582419,1270.0,1,1265.0,325,1270.0,12,1,2454,2025-06-17
2025-06-17 12:33:03.032051,1270.0,1,1265.0,327,1270.0,15,1,2454,2025-06-17
2025-06-17 12:33:08.470787,1270.0,1,1265.0,327,1270.0,14,1,2454,2025-06-17
2025-06-17 12:33:34.040328,1270.0,1,1265.0,328,1270.0,13,1,2454,2025-06-17
2025-06-17 12:33:40.028319,1270.0,2,1265.0,328,1270.0,11,1,2454,2025-06-17
2025-06-17 12:33:44.428571,1270.0,5,1265.0,328,1270.0,6,1,2454,2025-06-17
2025-06-17 12:33:45.712875,1265.0,6,1265.0,324,1270.0,7,2,2454,2025-06-17
2025-06-17 12:34:05.011202,1270.0,1,1265.0,322,1270.0,6,1,2454,2025-06-17
2025-06-17 12:34:16.130586,1270.0,2,1265.0,324,1270.0,4,1,2454,2025-06-17
2025-06-17 12:34:36.029027,1270.0,1,1265.0,324,1270.0,6,1,2454,2025-06-17
2025-06-17 12:34:58.029801,1270.0,2,1265.0,326,1270.0,8,1,2454,2025-06-17
2025-06-17 12:35:07.003484,1270.0,1,1265.0,317,1270.0,9,1,2454,2025-06-17
2025-06-17 12:35:13.897307,1270.0,1,1265.0,317,1270.0,8,1,2454,2025-06-17
2025-06-17 12:35:29.941913,1270.0,1,1265.0,326,1270.0,8,1,2454,2025-06-17
2025-06-17 12:35:38.013798,1270.0,1,1265.0,326,1270.0,7,1,2454,2025-06-17
2025-06-17 12:36:09.053119,1270.0,1,1265.0,326,1270.0,7,1,2454,2025-06-17
2025-06-17 12:36:40.039365,1270.0,1,1265.0,326,1270.0,8,1,2454,2025-06-17
2025-06-17 12:36:48.548993,1265.0,1,1265.0,325,1270.0,8,2,2454,2025-06-17
2025-06-17 12:37:08.262243,1265.0,1,1265.0,324,1270.0,8,2,2454,2025-06-17
2025-06-17 12:37:11.024723,1270.0,1,1265.0,324,1270.0,7,1,2454,2025-06-17
2025-06-17 12:37:42.009174,1270.0,1,1265.0,324,1270.0,6,1,2454,2025-06-17
2025-06-17 12:37:51.001980,1270.0,1,1265.0,324,1270.0,6,1,2454,2025-06-17
2025-06-17 12:38:12.096619,1270.0,1,1265.0,325,1270.0,6,1,2454,2025-06-17
2025-06-17 12:38:13.026756,1270.0,1,1265.0,325,1270.0,5,1,2454,2025-06-17
2025-06-17 12:38:29.929867,1270.0,1,1265.0,325,1270.0,5,1,2454,2025-06-17
2025-06-17 12:38:43.014368,1270.0,1,1265.0,326,1270.0,4,1,2454,2025-06-17
2025-06-17 12:38:45.257082,1265.0,1,1265.0,325,1270.0,4,2,2454,2025-06-17
2025-06-17 12:38:54.560604,1270.0,1,1265.0,326,1270.0,4,1,2454,2025-06-17
2025-06-17 12:38:55.540293,1270.0,2,1265.0,326,1270.0,2,1,2454,2025-06-17
2025-06-17 12:38:55.755717,1270.0,2,1265.0,327,1275.0,236,1,2454,2025-06-17
2025-06-17 12:39:08.326261,1270.0,1,1265.0,326,1275.0,246,2,2454,2025-06-17
2025-06-17 12:39:32.439616,1275.0,1,1265.0,344,1275.0,245,1,2454,2025-06-17
2025-06-17 12:39:41.096268,1275.0,1,1265.0,343,1275.0,244,1,2454,2025-06-17
