ts,close,volume,bid_price,bid_volume,ask_price,ask_volume,tick_type,code,date
2025-06-13 09:00:08.051341,1255.0,863,1255.0,124,1260.0,7,2,2454,2025-06-13
2025-06-13 09:00:10.139995,1255.0,22,1255.0,107,1260.0,116,2,2454,2025-06-13
2025-06-13 09:00:13.630331,1255.0,1,1255.0,101,1260.0,123,2,2454,2025-06-13
2025-06-13 09:00:18.155244,1255.0,22,1255.0,90,1260.0,114,2,2454,2025-06-13
2025-06-13 09:00:19.284710,1255.0,2,1255.0,92,1260.0,113,2,2454,2025-06-13
2025-06-13 09:00:20.970382,1255.0,1,1255.0,89,1260.0,119,2,2454,2025-06-13
2025-06-13 09:00:21.988089,1255.0,1,1255.0,90,1260.0,117,2,2454,2025-06-13
2025-06-13 09:00:24.875972,1255.0,1,1255.0,92,1260.0,121,2,2454,2025-06-13
2025-06-13 09:00:24.897221,1255.0,1,1255.0,91,1260.0,121,2,2454,2025-06-13
2025-06-13 09:00:25.367304,1255.0,1,1255.0,90,1260.0,125,2,2454,2025-06-13
2025-06-13 09:00:26.508096,1255.0,1,1255.0,90,1260.0,127,2,2454,2025-06-13
2025-06-13 09:00:27.707759,1255.0,1,1255.0,91,1260.0,127,2,2454,2025-06-13
2025-06-13 09:00:28.303933,1255.0,1,1255.0,92,1260.0,126,2,2454,2025-06-13
2025-06-13 09:00:30.148144,1255.0,3,1255.0,90,1260.0,122,2,2454,2025-06-13
2025-06-13 09:00:32.177190,1260.0,1,1255.0,101,1260.0,121,1,2454,2025-06-13
2025-06-13 09:00:33.577348,1255.0,15,1255.0,90,1260.0,134,2,2454,2025-06-13
2025-06-13 09:00:33.816785,1255.0,5,1255.0,81,1260.0,131,2,2454,2025-06-13
2025-06-13 09:00:34.357706,1255.0,1,1255.0,80,1260.0,138,2,2454,2025-06-13
2025-06-13 09:00:34.694329,1260.0,7,1255.0,82,1260.0,131,1,2454,2025-06-13
2025-06-13 09:00:35.819294,1260.0,1,1255.0,82,1260.0,130,1,2454,2025-06-13
2025-06-13 09:00:39.993746,1260.0,1,1255.0,97,1260.0,124,1,2454,2025-06-13
2025-06-13 09:00:47.023806,1260.0,1,1255.0,130,1260.0,125,1,2454,2025-06-13
2025-06-13 09:00:49.325087,1260.0,1,1255.0,143,1260.0,121,1,2454,2025-06-13
2025-06-13 09:00:51.837351,1260.0,1,1255.0,150,1260.0,121,1,2454,2025-06-13
2025-06-13 09:00:51.865419,1255.0,50,1255.0,100,1260.0,121,2,2454,2025-06-13
2025-06-13 09:00:52.702953,1260.0,1,1255.0,97,1260.0,125,1,2454,2025-06-13
2025-06-13 09:00:54.029893,1260.0,1,1255.0,99,1260.0,122,1,2454,2025-06-13
2025-06-13 09:00:57.133401,1260.0,10,1255.0,104,1260.0,106,1,2454,2025-06-13
2025-06-13 09:01:01.225222,1255.0,1,1255.0,111,1260.0,131,2,2454,2025-06-13
2025-06-13 09:01:02.868366,1260.0,1,1255.0,111,1260.0,136,1,2454,2025-06-13
2025-06-13 09:01:09.401720,1260.0,1,1255.0,119,1260.0,152,1,2454,2025-06-13
2025-06-13 09:01:13.144232,1260.0,1,1255.0,123,1260.0,148,1,2454,2025-06-13
2025-06-13 09:01:17.612283,1260.0,1,1255.0,130,1260.0,143,1,2454,2025-06-13
2025-06-13 09:01:20.132297,1260.0,1,1255.0,132,1260.0,163,1,2454,2025-06-13
2025-06-13 09:01:25.783877,1260.0,1,1255.0,141,1260.0,156,1,2454,2025-06-13
2025-06-13 09:01:28.192127,1255.0,2,1255.0,120,1260.0,176,2,2454,2025-06-13
2025-06-13 09:01:30.815550,1255.0,1,1255.0,124,1260.0,178,2,2454,2025-06-13
2025-06-13 09:01:33.169916,1260.0,1,1255.0,127,1260.0,255,1,2454,2025-06-13
2025-06-13 09:01:36.077818,1260.0,1,1255.0,128,1260.0,257,1,2454,2025-06-13
2025-06-13 09:01:37.199366,1260.0,1,1255.0,128,1260.0,256,1,2454,2025-06-13
2025-06-13 09:01:37.831902,1260.0,1,1255.0,128,1260.0,255,1,2454,2025-06-13
2025-06-13 09:01:39.162851,1260.0,1,1255.0,128,1260.0,255,1,2454,2025-06-13
2025-06-13 09:01:39.439126,1260.0,1,1255.0,128,1260.0,254,1,2454,2025-06-13
2025-06-13 09:01:40.844094,1255.0,2,1255.0,126,1260.0,254,2,2454,2025-06-13
2025-06-13 09:01:41.613545,1255.0,1,1255.0,116,1260.0,255,2,2454,2025-06-13
2025-06-13 09:01:43.254607,1255.0,1,1255.0,113,1260.0,249,2,2454,2025-06-13
2025-06-13 09:01:48.372716,1255.0,1,1255.0,114,1260.0,252,2,2454,2025-06-13
2025-06-13 09:01:52.494191,1255.0,5,1255.0,110,1260.0,248,2,2454,2025-06-13
2025-06-13 09:01:59.277980,1255.0,1,1255.0,118,1260.0,256,2,2454,2025-06-13
2025-06-13 09:02:00.831257,1255.0,1,1255.0,120,1260.0,256,2,2454,2025-06-13
2025-06-13 09:02:00.971362,1260.0,1,1255.0,119,1260.0,255,1,2454,2025-06-13
2025-06-13 09:02:01.320033,1255.0,1,1255.0,118,1260.0,255,2,2454,2025-06-13
2025-06-13 09:02:01.895706,1260.0,1,1255.0,117,1260.0,254,1,2454,2025-06-13
2025-06-13 09:02:03.565722,1260.0,1,1255.0,118,1260.0,253,1,2454,2025-06-13
2025-06-13 09:02:11.823903,1260.0,1,1255.0,123,1260.0,262,1,2454,2025-06-13
2025-06-13 09:02:22.487974,1260.0,1,1255.0,131,1260.0,265,1,2454,2025-06-13
2025-06-13 09:02:23.217914,1255.0,1,1255.0,130,1260.0,265,2,2454,2025-06-13
2025-06-13 09:02:31.745775,1260.0,1,1255.0,138,1260.0,273,1,2454,2025-06-13
2025-06-13 09:02:37.748310,1260.0,1,1255.0,142,1260.0,274,1,2454,2025-06-13
2025-06-13 09:02:41.685302,1260.0,1,1255.0,147,1260.0,274,1,2454,2025-06-13
2025-06-13 09:02:43.077248,1260.0,1,1255.0,148,1260.0,273,1,2454,2025-06-13
2025-06-13 09:02:46.538304,1260.0,1,1255.0,165,1260.0,270,1,2454,2025-06-13
2025-06-13 09:02:47.867007,1260.0,1,1255.0,167,1260.0,268,1,2454,2025-06-13
2025-06-13 09:02:49.516565,1255.0,3,1255.0,166,1260.0,247,2,2454,2025-06-13
2025-06-13 09:02:59.314140,1260.0,1,1255.0,177,1260.0,285,1,2454,2025-06-13
2025-06-13 09:03:02.228599,1255.0,3,1255.0,174,1260.0,296,2,2454,2025-06-13
2025-06-13 09:03:02.421605,1260.0,1,1255.0,173,1260.0,295,1,2454,2025-06-13
2025-06-13 09:03:02.522028,1260.0,1,1255.0,173,1260.0,296,1,2454,2025-06-13
2025-06-13 09:03:03.232166,1255.0,1,1255.0,172,1260.0,295,2,2454,2025-06-13
2025-06-13 09:03:05.213119,1260.0,1,1255.0,171,1260.0,295,1,2454,2025-06-13
2025-06-13 09:03:06.175945,1260.0,1,1255.0,170,1260.0,294,1,2454,2025-06-13
2025-06-13 09:03:11.227517,1255.0,1,1255.0,173,1260.0,295,2,2454,2025-06-13
2025-06-13 09:03:14.612043,1255.0,1,1255.0,174,1260.0,295,2,2454,2025-06-13
2025-06-13 09:03:39.855825,1255.0,5,1255.0,194,1260.0,324,2,2454,2025-06-13
2025-06-13 09:03:49.036245,1260.0,1,1255.0,201,1260.0,330,1,2454,2025-06-13
2025-06-13 09:03:51.499702,1255.0,5,1255.0,213,1260.0,331,2,2454,2025-06-13
2025-06-13 09:04:07.103987,1260.0,1,1255.0,244,1260.0,344,1,2454,2025-06-13
2025-06-13 09:04:11.607272,1260.0,1,1255.0,249,1260.0,344,1,2454,2025-06-13
2025-06-13 09:04:12.751368,1260.0,1,1255.0,249,1260.0,344,1,2454,2025-06-13
2025-06-13 09:04:12.911718,1255.0,1,1255.0,249,1260.0,344,2,2454,2025-06-13
2025-06-13 09:04:18.009432,1255.0,1,1255.0,253,1260.0,343,2,2454,2025-06-13
2025-06-13 09:04:20.506562,1255.0,1,1255.0,253,1260.0,343,2,2454,2025-06-13
2025-06-13 09:04:21.367573,1255.0,2,1255.0,250,1260.0,343,2,2454,2025-06-13
2025-06-13 09:04:22.001718,1255.0,1,1255.0,249,1260.0,343,2,2454,2025-06-13
2025-06-13 09:04:24.919625,1255.0,2,1255.0,246,1260.0,343,2,2454,2025-06-13
2025-06-13 09:04:38.592635,1255.0,3,1255.0,255,1260.0,359,2,2454,2025-06-13
2025-06-13 09:04:46.084871,1260.0,1,1255.0,264,1260.0,358,1,2454,2025-06-13
2025-06-13 09:04:58.504279,1260.0,1,1255.0,271,1260.0,365,1,2454,2025-06-13
2025-06-13 09:05:05.226944,1260.0,1,1255.0,274,1260.0,366,1,2454,2025-06-13
2025-06-13 09:05:06.193864,1255.0,6,1255.0,268,1260.0,366,2,2454,2025-06-13
2025-06-13 09:05:06.235721,1260.0,1,1255.0,268,1260.0,365,1,2454,2025-06-13
2025-06-13 09:05:12.565611,1260.0,1,1255.0,271,1260.0,343,1,2454,2025-06-13
2025-06-13 09:05:14.047718,1255.0,1,1255.0,270,1260.0,383,2,2454,2025-06-13
2025-06-13 09:05:16.971547,1260.0,1,1255.0,269,1260.0,384,1,2454,2025-06-13
2025-06-13 09:05:17.450915,1255.0,1,1255.0,269,1260.0,384,2,2454,2025-06-13
2025-06-13 09:05:22.142936,1255.0,1,1255.0,267,1260.0,384,2,2454,2025-06-13
2025-06-13 09:05:52.175214,1260.0,2,1255.0,274,1260.0,471,1,2454,2025-06-13
2025-06-13 09:05:54.439403,1255.0,1,1255.0,275,1260.0,471,2,2454,2025-06-13
2025-06-13 09:06:03.548906,1255.0,30,1255.0,266,1260.0,487,2,2454,2025-06-13
2025-06-13 09:06:03.628378,1255.0,1,1255.0,265,1260.0,491,2,2454,2025-06-13
2025-06-13 09:06:03.745654,1255.0,8,1255.0,257,1260.0,506,2,2454,2025-06-13
2025-06-13 09:06:03.781572,1255.0,71,1255.0,186,1260.0,506,2,2454,2025-06-13
2025-06-13 09:06:03.798884,1260.0,1,1255.0,185,1260.0,506,1,2454,2025-06-13
2025-06-13 09:06:03.813911,1255.0,3,1255.0,182,1260.0,508,2,2454,2025-06-13
2025-06-13 09:06:03.835088,1260.0,2,1255.0,180,1260.0,501,1,2454,2025-06-13
2025-06-13 09:06:03.851493,1255.0,4,1255.0,176,1260.0,501,2,2454,2025-06-13
2025-06-13 09:06:03.890982,1260.0,1,1255.0,175,1260.0,507,1,2454,2025-06-13
2025-06-13 09:06:03.956137,1260.0,1,1255.0,174,1260.0,505,1,2454,2025-06-13
2025-06-13 09:06:04.503106,1255.0,1,1255.0,175,1260.0,506,2,2454,2025-06-13
2025-06-13 09:06:04.756162,1255.0,9,1255.0,166,1260.0,506,2,2454,2025-06-13
2025-06-13 09:06:04.805367,1255.0,1,1255.0,165,1260.0,506,2,2454,2025-06-13
2025-06-13 09:06:07.770054,1255.0,1,1255.0,164,1260.0,473,2,2454,2025-06-13
2025-06-13 09:06:08.135954,1255.0,2,1255.0,162,1260.0,473,2,2454,2025-06-13
2025-06-13 09:06:08.165340,1255.0,1,1255.0,161,1260.0,473,2,2454,2025-06-13
2025-06-13 09:06:08.202800,1255.0,1,1255.0,160,1260.0,473,2,2454,2025-06-13
2025-06-13 09:06:08.237254,1260.0,1,1255.0,159,1260.0,472,1,2454,2025-06-13
2025-06-13 09:06:18.147051,1255.0,2,1255.0,176,1260.0,520,2,2454,2025-06-13
2025-06-13 09:06:23.843561,1255.0,2,1255.0,170,1260.0,520,2,2454,2025-06-13
2025-06-13 09:06:27.707307,1260.0,1,1255.0,173,1260.0,521,1,2454,2025-06-13
2025-06-13 09:06:28.255869,1260.0,1,1255.0,177,1260.0,521,1,2454,2025-06-13
2025-06-13 09:06:30.214284,1255.0,1,1255.0,180,1260.0,526,2,2454,2025-06-13
2025-06-13 09:06:32.959921,1260.0,1,1255.0,179,1260.0,532,1,2454,2025-06-13
2025-06-13 09:06:34.018376,1255.0,1,1255.0,175,1260.0,536,2,2454,2025-06-13
2025-06-13 09:06:34.362435,1255.0,7,1255.0,167,1260.0,541,2,2454,2025-06-13
2025-06-13 09:06:54.960349,1255.0,1,1255.0,163,1260.0,526,2,2454,2025-06-13
2025-06-13 09:07:09.580083,1255.0,2,1255.0,165,1260.0,526,2,2454,2025-06-13
2025-06-13 09:07:10.133398,1255.0,7,1255.0,158,1260.0,526,2,2454,2025-06-13
2025-06-13 09:07:10.183548,1260.0,1,1255.0,157,1260.0,525,1,2454,2025-06-13
2025-06-13 09:07:10.210068,1255.0,1,1255.0,156,1260.0,525,2,2454,2025-06-13
2025-06-13 09:07:32.980393,1260.0,1,1255.0,166,1260.0,536,1,2454,2025-06-13
2025-06-13 09:07:42.336276,1255.0,7,1255.0,166,1260.0,538,2,2454,2025-06-13
2025-06-13 09:07:44.968133,1255.0,1,1255.0,163,1260.0,538,2,2454,2025-06-13
2025-06-13 09:07:47.197268,1255.0,1,1255.0,163,1260.0,538,2,2454,2025-06-13
2025-06-13 09:07:47.536841,1255.0,1,1255.0,162,1260.0,538,2,2454,2025-06-13
2025-06-13 09:07:47.589431,1260.0,1,1255.0,161,1260.0,537,1,2454,2025-06-13
2025-06-13 09:07:50.317033,1260.0,1,1255.0,159,1260.0,536,1,2454,2025-06-13
2025-06-13 09:08:00.255636,1260.0,2,1255.0,171,1260.0,538,1,2454,2025-06-13
2025-06-13 09:08:04.373537,1260.0,1,1255.0,174,1260.0,537,1,2454,2025-06-13
2025-06-13 09:08:10.067735,1260.0,1,1255.0,174,1260.0,500,1,2454,2025-06-13
2025-06-13 09:08:21.643099,1260.0,1,1255.0,174,1260.0,548,1,2454,2025-06-13
2025-06-13 09:08:21.711010,1255.0,1,1255.0,173,1260.0,548,2,2454,2025-06-13
2025-06-13 09:08:37.813515,1255.0,1,1255.0,182,1260.0,563,2,2454,2025-06-13
2025-06-13 09:08:38.587504,1260.0,1,1255.0,182,1260.0,562,1,2454,2025-06-13
2025-06-13 09:08:45.450047,1260.0,1,1255.0,183,1260.0,561,1,2454,2025-06-13
2025-06-13 09:08:56.732112,1255.0,1,1255.0,189,1260.0,565,2,2454,2025-06-13
2025-06-13 09:09:04.915619,1255.0,1,1255.0,194,1260.0,569,2,2454,2025-06-13
2025-06-13 09:09:21.826764,1260.0,1,1255.0,233,1260.0,570,1,2454,2025-06-13
2025-06-13 09:09:26.770164,1260.0,1,1255.0,237,1260.0,569,1,2454,2025-06-13
2025-06-13 09:09:40.950730,1260.0,1,1255.0,247,1260.0,569,1,2454,2025-06-13
2025-06-13 09:09:40.976640,1260.0,47,1255.0,247,1260.0,522,1,2454,2025-06-13
2025-06-13 09:09:41.010413,1260.0,10,1255.0,249,1260.0,511,1,2454,2025-06-13
2025-06-13 09:09:41.010424,1260.0,4,1255.0,249,1260.0,507,1,2454,2025-06-13
2025-06-13 09:09:41.029804,1260.0,3,1255.0,248,1260.0,504,1,2454,2025-06-13
2025-06-13 09:09:41.048628,1255.0,2,1255.0,247,1260.0,504,2,2454,2025-06-13
2025-06-13 09:09:41.086021,1260.0,1,1255.0,242,1260.0,503,1,2454,2025-06-13
2025-06-13 09:09:41.115336,1255.0,1,1255.0,242,1260.0,503,2,2454,2025-06-13
2025-06-13 09:09:49.799315,1260.0,1,1255.0,252,1260.0,534,1,2454,2025-06-13
2025-06-13 09:09:51.740371,1260.0,1,1255.0,264,1260.0,533,1,2454,2025-06-13
2025-06-13 09:09:51.752345,1260.0,3,1255.0,264,1260.0,530,1,2454,2025-06-13
2025-06-13 09:09:54.547936,1255.0,1,1255.0,263,1260.0,530,2,2454,2025-06-13
2025-06-13 09:10:06.298471,1255.0,1,1255.0,271,1260.0,531,2,2454,2025-06-13
2025-06-13 09:10:22.439378,1260.0,1,1255.0,279,1260.0,540,1,2454,2025-06-13
2025-06-13 09:11:06.468485,1260.0,20,1255.0,310,1260.0,550,1,2454,2025-06-13
2025-06-13 09:11:06.530150,1260.0,1,1255.0,309,1260.0,549,1,2454,2025-06-13
2025-06-13 09:11:06.551637,1255.0,1,1255.0,308,1260.0,549,2,2454,2025-06-13
2025-06-13 09:11:07.595629,1260.0,1,1255.0,309,1260.0,550,1,2454,2025-06-13
2025-06-13 09:11:09.553525,1260.0,1,1255.0,309,1260.0,550,1,2454,2025-06-13
2025-06-13 09:11:11.186468,1260.0,1,1255.0,309,1260.0,550,1,2454,2025-06-13
2025-06-13 09:11:11.971322,1260.0,1,1255.0,308,1260.0,549,1,2454,2025-06-13
2025-06-13 09:11:15.319319,1260.0,1,1255.0,311,1260.0,551,1,2454,2025-06-13
2025-06-13 09:11:18.110238,1260.0,1,1255.0,310,1260.0,551,1,2454,2025-06-13
2025-06-13 09:11:18.214123,1260.0,1,1255.0,309,1260.0,550,1,2454,2025-06-13
2025-06-13 09:11:18.773282,1260.0,1,1255.0,309,1260.0,550,1,2454,2025-06-13
2025-06-13 09:11:20.278675,1255.0,3,1255.0,307,1260.0,551,2,2454,2025-06-13
2025-06-13 09:11:36.172163,1260.0,1,1255.0,413,1260.0,576,1,2454,2025-06-13
2025-06-13 09:11:52.694758,1260.0,1,1255.0,421,1260.0,596,1,2454,2025-06-13
2025-06-13 09:11:55.121107,1260.0,1,1255.0,422,1260.0,591,1,2454,2025-06-13
2025-06-13 09:12:04.549895,1260.0,1,1255.0,431,1260.0,598,1,2454,2025-06-13
2025-06-13 09:12:05.238594,1260.0,1,1255.0,430,1260.0,597,1,2454,2025-06-13
2025-06-13 09:12:06.925954,1260.0,1,1255.0,431,1260.0,594,1,2454,2025-06-13
2025-06-13 09:12:10.615999,1255.0,1,1255.0,430,1260.0,596,2,2454,2025-06-13
2025-06-13 09:12:10.694682,1255.0,1,1255.0,429,1260.0,596,2,2454,2025-06-13
2025-06-13 09:12:17.525139,1260.0,1,1255.0,429,1260.0,599,1,2454,2025-06-13
2025-06-13 09:12:26.667362,1260.0,1,1255.0,436,1260.0,600,1,2454,2025-06-13
2025-06-13 09:12:27.725568,1255.0,1,1255.0,437,1260.0,610,2,2454,2025-06-13
2025-06-13 09:12:31.188196,1260.0,1,1255.0,437,1260.0,611,1,2454,2025-06-13
2025-06-13 09:12:48.009954,1260.0,1,1255.0,455,1260.0,617,1,2454,2025-06-13
2025-06-13 09:12:51.376866,1260.0,1,1255.0,456,1260.0,616,1,2454,2025-06-13
2025-06-13 09:12:52.637979,1255.0,1,1255.0,456,1260.0,616,2,2454,2025-06-13
2025-06-13 09:12:52.705520,1260.0,2,1255.0,456,1260.0,614,1,2454,2025-06-13
2025-06-13 09:12:52.754138,1260.0,1,1255.0,455,1260.0,613,1,2454,2025-06-13
2025-06-13 09:12:54.149306,1255.0,1,1255.0,454,1260.0,613,2,2454,2025-06-13
2025-06-13 09:13:02.607614,1255.0,1,1255.0,450,1260.0,619,2,2454,2025-06-13
2025-06-13 09:13:02.698768,1255.0,7,1255.0,442,1260.0,619,2,2454,2025-06-13
2025-06-13 09:13:04.867839,1260.0,1,1255.0,442,1260.0,622,1,2454,2025-06-13
2025-06-13 09:13:07.370114,1255.0,17,1255.0,424,1260.0,625,2,2454,2025-06-13
2025-06-13 09:13:07.415090,1260.0,1,1255.0,423,1260.0,627,1,2454,2025-06-13
2025-06-13 09:13:07.443955,1255.0,1,1255.0,422,1260.0,626,2,2454,2025-06-13
2025-06-13 09:13:07.445145,1255.0,2,1255.0,420,1260.0,626,2,2454,2025-06-13
2025-06-13 09:13:07.547402,1255.0,17,1255.0,403,1260.0,626,2,2454,2025-06-13
2025-06-13 09:13:07.593196,1260.0,1,1255.0,402,1260.0,627,1,2454,2025-06-13
2025-06-13 09:13:07.612609,1255.0,1,1255.0,401,1260.0,627,2,2454,2025-06-13
2025-06-13 09:13:11.929463,1260.0,1,1255.0,403,1260.0,620,1,2454,2025-06-13
2025-06-13 09:13:18.616399,1260.0,1,1255.0,409,1260.0,632,1,2454,2025-06-13
2025-06-13 09:13:19.572092,1260.0,1,1255.0,409,1260.0,631,1,2454,2025-06-13
2025-06-13 09:13:24.284373,1255.0,1,1255.0,409,1260.0,631,2,2454,2025-06-13
2025-06-13 09:13:24.317946,1255.0,1,1255.0,408,1260.0,631,2,2454,2025-06-13
2025-06-13 09:13:26.442984,1255.0,5,1255.0,403,1260.0,637,2,2454,2025-06-13
2025-06-13 09:13:27.931278,1260.0,1,1255.0,402,1260.0,638,1,2454,2025-06-13
2025-06-13 09:13:28.944170,1255.0,25,1255.0,378,1260.0,640,2,2454,2025-06-13
2025-06-13 09:13:28.969462,1255.0,70,1255.0,308,1260.0,640,2,2454,2025-06-13
2025-06-13 09:13:29.003817,1255.0,1,1255.0,307,1260.0,642,2,2454,2025-06-13
2025-06-13 09:13:29.004065,1255.0,9,1255.0,298,1260.0,642,2,2454,2025-06-13
2025-06-13 09:13:29.008621,1255.0,1,1255.0,297,1260.0,645,2,2454,2025-06-13
2025-06-13 09:13:29.013515,1255.0,4,1255.0,293,1260.0,641,2,2454,2025-06-13
2025-06-13 09:13:29.039799,1255.0,3,1255.0,290,1260.0,643,2,2454,2025-06-13
2025-06-13 09:13:29.043448,1255.0,3,1255.0,287,1260.0,643,2,2454,2025-06-13
2025-06-13 09:13:29.076262,1255.0,1,1255.0,296,1260.0,643,2,2454,2025-06-13
2025-06-13 09:13:29.080485,1255.0,1,1255.0,295,1260.0,643,2,2454,2025-06-13
2025-06-13 09:13:30.962297,1255.0,1,1255.0,292,1260.0,639,2,2454,2025-06-13
2025-06-13 09:13:42.745886,1255.0,3,1255.0,264,1260.0,638,2,2454,2025-06-13
2025-06-13 09:13:43.185949,1255.0,1,1255.0,262,1260.0,638,2,2454,2025-06-13
2025-06-13 09:13:45.921099,1255.0,1,1255.0,261,1260.0,647,2,2454,2025-06-13
2025-06-13 09:13:46.702209,1260.0,10,1255.0,262,1260.0,635,1,2454,2025-06-13
2025-06-13 09:13:46.775247,1255.0,1,1255.0,261,1260.0,635,2,2454,2025-06-13
2025-06-13 09:14:00.731780,1260.0,1,1255.0,262,1260.0,629,1,2454,2025-06-13
2025-06-13 09:14:01.022907,1255.0,10,1255.0,252,1260.0,629,2,2454,2025-06-13
2025-06-13 09:14:01.257220,1255.0,1,1255.0,251,1260.0,630,2,2454,2025-06-13
2025-06-13 09:14:02.184432,1255.0,1,1255.0,250,1260.0,631,2,2454,2025-06-13
2025-06-13 09:14:06.440663,1255.0,4,1255.0,243,1260.0,635,2,2454,2025-06-13
2025-06-13 09:14:06.440673,1255.0,62,1255.0,181,1260.0,635,2,2454,2025-06-13
2025-06-13 09:14:06.440689,1255.0,89,1255.0,92,1260.0,635,2,2454,2025-06-13
2025-06-13 09:14:06.440699,1255.0,77,1255.0,15,1260.0,635,2,2454,2025-06-13
2025-06-13 09:14:06.440709,1255.0,15,1250.0,689,1255.0,140,2,2454,2025-06-13
2025-06-13 09:14:06.519169,1250.0,10,1250.0,679,1255.0,285,2,2454,2025-06-13
2025-06-13 09:14:07.770733,1250.0,1,1250.0,645,1255.0,421,2,2454,2025-06-13
2025-06-13 09:14:20.415036,1255.0,1,1250.0,616,1255.0,360,1,2454,2025-06-13
2025-06-13 09:14:23.450464,1255.0,1,1250.0,605,1255.0,366,1,2454,2025-06-13
2025-06-13 09:14:23.467600,1255.0,1,1250.0,605,1255.0,365,1,2454,2025-06-13
2025-06-13 09:14:43.680082,1255.0,1,1250.0,599,1255.0,381,1,2454,2025-06-13
2025-06-13 09:14:45.419275,1255.0,1,1250.0,600,1255.0,383,1,2454,2025-06-13
2025-06-13 09:15:00.510857,1250.0,2,1250.0,599,1255.0,425,2,2454,2025-06-13
2025-06-13 09:15:09.942996,1250.0,1,1250.0,602,1255.0,430,2,2454,2025-06-13
2025-06-13 09:15:10.538843,1255.0,1,1250.0,601,1255.0,429,1,2454,2025-06-13
2025-06-13 09:15:12.439640,1250.0,1,1250.0,602,1255.0,429,2,2454,2025-06-13
2025-06-13 09:15:16.273166,1255.0,1,1250.0,595,1255.0,428,1,2454,2025-06-13
2025-06-13 09:15:17.910081,1250.0,1,1250.0,595,1255.0,437,2,2454,2025-06-13
2025-06-13 09:15:18.940571,1255.0,1,1250.0,594,1255.0,436,1,2454,2025-06-13
2025-06-13 09:15:40.334348,1250.0,1,1250.0,592,1255.0,467,2,2454,2025-06-13
2025-06-13 09:15:54.854153,1250.0,1,1250.0,555,1255.0,491,2,2454,2025-06-13
2025-06-13 09:16:00.467249,1250.0,1,1250.0,555,1255.0,499,2,2454,2025-06-13
2025-06-13 09:16:11.283166,1250.0,1,1250.0,566,1255.0,499,2,2454,2025-06-13
2025-06-13 09:16:12.080660,1255.0,2,1250.0,566,1255.0,498,1,2454,2025-06-13
2025-06-13 09:16:22.571334,1255.0,1,1250.0,565,1255.0,492,1,2454,2025-06-13
2025-06-13 09:16:41.499158,1255.0,1,1250.0,567,1255.0,496,1,2454,2025-06-13
2025-06-13 09:16:52.666093,1255.0,1,1250.0,570,1255.0,497,1,2454,2025-06-13
2025-06-13 09:16:52.732309,1250.0,1,1250.0,569,1255.0,497,2,2454,2025-06-13
2025-06-13 09:17:04.643680,1250.0,2,1250.0,564,1255.0,506,2,2454,2025-06-13
2025-06-13 09:17:07.043813,1250.0,5,1250.0,559,1255.0,504,2,2454,2025-06-13
2025-06-13 09:17:07.068139,1250.0,1,1250.0,558,1255.0,511,2,2454,2025-06-13
2025-06-13 09:17:18.599358,1255.0,1,1250.0,556,1255.0,505,1,2454,2025-06-13
2025-06-13 09:17:24.004292,1250.0,1,1250.0,547,1255.0,505,2,2454,2025-06-13
2025-06-13 09:17:36.377317,1255.0,1,1250.0,550,1255.0,514,1,2454,2025-06-13
2025-06-13 09:17:39.290844,1250.0,2,1250.0,548,1255.0,508,2,2454,2025-06-13
2025-06-13 09:18:23.059697,1250.0,2,1250.0,559,1255.0,505,2,2454,2025-06-13
2025-06-13 09:18:30.442532,1255.0,2,1250.0,563,1255.0,506,1,2454,2025-06-13
2025-06-13 09:18:42.073935,1250.0,1,1250.0,561,1255.0,506,2,2454,2025-06-13
2025-06-13 09:18:57.522792,1250.0,1,1250.0,566,1255.0,506,2,2454,2025-06-13
2025-06-13 09:19:01.845561,1255.0,1,1250.0,568,1255.0,505,1,2454,2025-06-13
2025-06-13 09:19:09.027794,1250.0,2,1250.0,567,1255.0,513,2,2454,2025-06-13
2025-06-13 09:19:09.108048,1250.0,1,1250.0,566,1255.0,515,2,2454,2025-06-13
2025-06-13 09:19:14.618115,1250.0,1,1250.0,567,1255.0,515,2,2454,2025-06-13
2025-06-13 09:19:14.686405,1250.0,1,1250.0,566,1255.0,515,2,2454,2025-06-13
2025-06-13 09:19:15.443239,1250.0,1,1250.0,565,1255.0,516,2,2454,2025-06-13
2025-06-13 09:19:16.890384,1250.0,1,1250.0,564,1255.0,517,2,2454,2025-06-13
2025-06-13 09:19:20.008916,1250.0,1,1250.0,565,1255.0,518,2,2454,2025-06-13
2025-06-13 09:19:21.236615,1250.0,1,1250.0,564,1255.0,519,2,2454,2025-06-13
2025-06-13 09:19:26.020897,1250.0,2,1250.0,563,1255.0,522,2,2454,2025-06-13
2025-06-13 09:19:26.595218,1255.0,1,1250.0,564,1255.0,522,1,2454,2025-06-13
2025-06-13 09:19:26.862485,1250.0,1,1250.0,563,1255.0,522,2,2454,2025-06-13
2025-06-13 09:19:28.909204,1255.0,2,1250.0,561,1255.0,522,1,2454,2025-06-13
2025-06-13 09:19:44.909853,1255.0,1,1250.0,567,1255.0,525,1,2454,2025-06-13
2025-06-13 09:20:04.286368,1250.0,1,1250.0,570,1255.0,528,2,2454,2025-06-13
2025-06-13 09:20:04.390280,1250.0,1,1250.0,571,1255.0,527,2,2454,2025-06-13
2025-06-13 09:20:12.115252,1250.0,44,1250.0,531,1255.0,528,2,2454,2025-06-13
2025-06-13 09:20:12.185163,1250.0,1,1250.0,529,1255.0,531,2,2454,2025-06-13
2025-06-13 09:20:12.223530,1255.0,1,1250.0,529,1255.0,529,1,2454,2025-06-13
2025-06-13 09:20:12.258085,1250.0,1,1250.0,528,1255.0,529,2,2454,2025-06-13
2025-06-13 09:20:18.818826,1250.0,1,1250.0,529,1255.0,526,2,2454,2025-06-13
2025-06-13 09:20:27.252499,1250.0,1,1250.0,530,1255.0,536,2,2454,2025-06-13
2025-06-13 09:20:27.461692,1250.0,2,1250.0,528,1255.0,536,2,2454,2025-06-13
2025-06-13 09:20:28.650588,1250.0,5,1250.0,521,1255.0,536,2,2454,2025-06-13
2025-06-13 09:20:44.258193,1250.0,1,1250.0,522,1255.0,537,2,2454,2025-06-13
2025-06-13 09:20:50.557147,1255.0,1,1250.0,521,1255.0,537,1,2454,2025-06-13
2025-06-13 09:21:14.244581,1250.0,1,1250.0,527,1255.0,535,2,2454,2025-06-13
2025-06-13 09:21:17.751259,1250.0,1,1250.0,526,1255.0,538,2,2454,2025-06-13
2025-06-13 09:21:57.036193,1250.0,1,1250.0,533,1255.0,563,2,2454,2025-06-13
2025-06-13 09:21:57.106862,1250.0,1,1250.0,532,1255.0,563,2,2454,2025-06-13
2025-06-13 09:22:01.066189,1255.0,1,1250.0,564,1255.0,565,1,2454,2025-06-13
2025-06-13 09:22:06.926408,1250.0,1,1250.0,567,1255.0,565,2,2454,2025-06-13
2025-06-13 09:22:07.111740,1255.0,1,1250.0,567,1255.0,564,1,2454,2025-06-13
2025-06-13 09:22:07.707767,1250.0,2,1250.0,565,1255.0,567,2,2454,2025-06-13
2025-06-13 09:22:12.014546,1255.0,1,1250.0,536,1255.0,568,1,2454,2025-06-13
2025-06-13 09:22:23.040983,1255.0,1,1250.0,544,1255.0,576,1,2454,2025-06-13
2025-06-13 09:22:31.016230,1255.0,2,1250.0,546,1255.0,574,1,2454,2025-06-13
2025-06-13 09:22:32.616021,1250.0,1,1250.0,546,1255.0,574,2,2454,2025-06-13
2025-06-13 09:22:36.215962,1250.0,1,1250.0,546,1255.0,573,2,2454,2025-06-13
2025-06-13 09:22:37.728956,1255.0,1,1250.0,546,1255.0,572,1,2454,2025-06-13
2025-06-13 09:22:48.312431,1250.0,1,1250.0,544,1255.0,574,2,2454,2025-06-13
2025-06-13 09:22:49.302538,1250.0,1,1250.0,543,1255.0,574,2,2454,2025-06-13
2025-06-13 09:23:02.731397,1250.0,3,1250.0,543,1255.0,571,2,2454,2025-06-13
2025-06-13 09:23:09.121033,1250.0,10,1250.0,535,1255.0,571,2,2454,2025-06-13
2025-06-13 09:23:09.200018,1250.0,1,1250.0,534,1255.0,573,2,2454,2025-06-13
2025-06-13 09:23:38.334120,1255.0,1,1250.0,541,1255.0,574,1,2454,2025-06-13
2025-06-13 09:23:56.434293,1255.0,1,1250.0,541,1255.0,574,1,2454,2025-06-13
2025-06-13 09:24:24.929299,1255.0,1,1250.0,549,1255.0,573,1,2454,2025-06-13
2025-06-13 09:24:30.573958,1250.0,1,1250.0,548,1255.0,573,2,2454,2025-06-13
2025-06-13 09:24:31.239094,1255.0,1,1250.0,548,1255.0,572,1,2454,2025-06-13
2025-06-13 09:24:34.175638,1255.0,1,1250.0,548,1255.0,571,1,2454,2025-06-13
2025-06-13 09:25:08.865539,1250.0,5,1250.0,557,1255.0,579,2,2454,2025-06-13
2025-06-13 09:25:09.174035,1250.0,1,1250.0,556,1255.0,579,2,2454,2025-06-13
2025-06-13 09:25:17.822950,1250.0,2,1250.0,569,1255.0,580,2,2454,2025-06-13
2025-06-13 09:25:23.730739,1250.0,2,1250.0,569,1255.0,581,2,2454,2025-06-13
2025-06-13 09:25:47.983126,1255.0,2,1250.0,572,1255.0,581,1,2454,2025-06-13
2025-06-13 09:25:56.904270,1250.0,2,1250.0,576,1255.0,580,2,2454,2025-06-13
2025-06-13 09:26:07.939764,1255.0,1,1250.0,579,1255.0,579,1,2454,2025-06-13
2025-06-13 09:26:08.009884,1250.0,1,1250.0,578,1255.0,579,2,2454,2025-06-13
2025-06-13 09:26:17.021590,1255.0,1,1250.0,574,1255.0,585,1,2454,2025-06-13
2025-06-13 09:26:24.372354,1255.0,1,1250.0,574,1255.0,584,1,2454,2025-06-13
2025-06-13 09:26:36.869600,1255.0,2,1250.0,578,1255.0,585,1,2454,2025-06-13
2025-06-13 09:26:39.102435,1255.0,1,1250.0,578,1255.0,585,1,2454,2025-06-13
2025-06-13 09:26:43.847483,1250.0,2,1250.0,577,1255.0,584,2,2454,2025-06-13
2025-06-13 09:27:03.294104,1250.0,3,1250.0,579,1255.0,585,2,2454,2025-06-13
2025-06-13 09:27:06.518882,1250.0,1,1250.0,577,1255.0,585,2,2454,2025-06-13
2025-06-13 09:27:26.868636,1250.0,2,1250.0,580,1255.0,584,2,2454,2025-06-13
2025-06-13 09:27:34.506980,1250.0,3,1250.0,575,1255.0,584,2,2454,2025-06-13
2025-06-13 09:27:36.319263,1255.0,1,1250.0,575,1255.0,583,1,2454,2025-06-13
2025-06-13 09:27:50.410776,1255.0,1,1250.0,581,1255.0,583,1,2454,2025-06-13
2025-06-13 09:27:52.507965,1255.0,1,1250.0,581,1255.0,582,1,2454,2025-06-13
2025-06-13 09:27:53.687097,1250.0,2,1250.0,580,1255.0,581,2,2454,2025-06-13
2025-06-13 09:27:58.542915,1255.0,1,1250.0,580,1255.0,583,1,2454,2025-06-13
2025-06-13 09:28:05.736576,1250.0,4,1250.0,579,1255.0,583,2,2454,2025-06-13
2025-06-13 09:28:05.814179,1250.0,1,1250.0,578,1255.0,583,2,2454,2025-06-13
2025-06-13 09:28:35.445350,1250.0,3,1250.0,597,1255.0,585,2,2454,2025-06-13
2025-06-13 09:28:43.951665,1250.0,1,1250.0,612,1255.0,586,2,2454,2025-06-13
2025-06-13 09:29:03.352173,1255.0,10,1250.0,617,1255.0,568,1,2454,2025-06-13
2025-06-13 09:29:04.799114,1250.0,1,1250.0,616,1255.0,568,2,2454,2025-06-13
2025-06-13 09:29:08.166976,1250.0,4,1250.0,610,1255.0,567,2,2454,2025-06-13
2025-06-13 09:29:08.305549,1250.0,1,1250.0,609,1255.0,566,2,2454,2025-06-13
2025-06-13 09:29:10.957617,1255.0,2,1250.0,609,1255.0,564,1,2454,2025-06-13
2025-06-13 09:29:16.355906,1255.0,1,1250.0,612,1255.0,568,1,2454,2025-06-13
2025-06-13 09:29:33.162034,1255.0,1,1250.0,639,1255.0,567,1,2454,2025-06-13
2025-06-13 09:29:42.673563,1255.0,1,1250.0,645,1255.0,567,1,2454,2025-06-13
2025-06-13 09:29:42.839427,1250.0,3,1250.0,642,1255.0,567,2,2454,2025-06-13
2025-06-13 09:29:45.681010,1250.0,3,1250.0,641,1255.0,567,2,2454,2025-06-13
2025-06-13 09:29:51.773120,1255.0,2,1250.0,642,1255.0,568,1,2454,2025-06-13
2025-06-13 09:30:04.030859,1250.0,1,1250.0,654,1255.0,569,2,2454,2025-06-13
2025-06-13 09:30:04.287544,1255.0,1,1250.0,653,1255.0,569,1,2454,2025-06-13
2025-06-13 09:30:04.421866,1255.0,1,1250.0,653,1255.0,568,1,2454,2025-06-13
2025-06-13 09:30:08.736404,1250.0,1,1250.0,654,1255.0,569,2,2454,2025-06-13
2025-06-13 09:30:17.570110,1255.0,1,1250.0,657,1255.0,569,1,2454,2025-06-13
2025-06-13 09:30:18.507657,1250.0,2,1250.0,660,1255.0,567,2,2454,2025-06-13
2025-06-13 09:30:34.093709,1255.0,1,1250.0,658,1255.0,566,1,2454,2025-06-13
2025-06-13 09:30:35.945841,1255.0,1,1250.0,658,1255.0,560,1,2454,2025-06-13
2025-06-13 09:30:37.719218,1250.0,3,1250.0,655,1255.0,560,2,2454,2025-06-13
2025-06-13 09:30:38.085889,1250.0,2,1250.0,654,1255.0,560,2,2454,2025-06-13
2025-06-13 09:31:02.718516,1250.0,1,1250.0,663,1255.0,560,2,2454,2025-06-13
2025-06-13 09:31:04.831226,1250.0,3,1250.0,661,1255.0,560,2,2454,2025-06-13
2025-06-13 09:31:20.414027,1250.0,1,1250.0,662,1255.0,563,2,2454,2025-06-13
2025-06-13 09:31:36.561504,1250.0,3,1250.0,671,1255.0,562,2,2454,2025-06-13
2025-06-13 09:31:38.054668,1255.0,5,1250.0,672,1255.0,557,1,2454,2025-06-13
2025-06-13 09:31:41.697091,1250.0,1,1250.0,672,1255.0,557,2,2454,2025-06-13
2025-06-13 09:31:45.285206,1255.0,1,1250.0,670,1255.0,557,1,2454,2025-06-13
2025-06-13 09:31:45.506274,1250.0,45,1250.0,670,1255.0,509,2,2454,2025-06-13
2025-06-13 09:32:03.605699,1250.0,2,1250.0,628,1255.0,507,2,2454,2025-06-13
2025-06-13 09:32:07.742626,1255.0,1,1250.0,628,1255.0,506,1,2454,2025-06-13
2025-06-13 09:32:09.344004,1255.0,2,1250.0,628,1255.0,507,1,2454,2025-06-13
2025-06-13 09:32:13.667222,1250.0,23,1250.0,629,1255.0,498,2,2454,2025-06-13
2025-06-13 09:32:20.584541,1250.0,3,1250.0,608,1255.0,500,2,2454,2025-06-13
2025-06-13 09:32:20.608035,1255.0,1,1250.0,608,1255.0,499,1,2454,2025-06-13
2025-06-13 09:32:24.611173,1255.0,1,1250.0,608,1255.0,498,1,2454,2025-06-13
2025-06-13 09:32:27.465682,1255.0,1,1250.0,608,1255.0,497,1,2454,2025-06-13
2025-06-13 09:32:35.933562,1255.0,1,1250.0,616,1255.0,496,1,2454,2025-06-13
2025-06-13 09:32:43.764208,1250.0,1,1250.0,615,1255.0,496,2,2454,2025-06-13
2025-06-13 09:32:53.397729,1250.0,2,1250.0,615,1255.0,499,2,2454,2025-06-13
2025-06-13 09:33:11.643786,1255.0,1,1250.0,620,1255.0,502,1,2454,2025-06-13
2025-06-13 09:33:11.930593,1250.0,9,1250.0,611,1255.0,502,2,2454,2025-06-13
2025-06-13 09:33:34.731370,1250.0,2,1250.0,614,1255.0,499,2,2454,2025-06-13
2025-06-13 09:33:45.252847,1255.0,1,1250.0,622,1255.0,510,1,2454,2025-06-13
2025-06-13 09:33:45.546249,1255.0,1,1250.0,622,1255.0,509,1,2454,2025-06-13
2025-06-13 09:33:45.550746,1255.0,1,1250.0,622,1255.0,508,1,2454,2025-06-13
2025-06-13 09:33:55.894214,1250.0,1,1250.0,621,1255.0,510,2,2454,2025-06-13
2025-06-13 09:34:06.625017,1255.0,2,1250.0,622,1255.0,508,1,2454,2025-06-13
2025-06-13 09:34:14.230513,1250.0,1,1250.0,621,1255.0,508,2,2454,2025-06-13
2025-06-13 09:34:21.350966,1250.0,8,1250.0,615,1255.0,508,2,2454,2025-06-13
2025-06-13 09:34:32.053653,1255.0,1,1250.0,618,1255.0,510,1,2454,2025-06-13
2025-06-13 09:34:34.607785,1250.0,1,1250.0,617,1255.0,511,2,2454,2025-06-13
2025-06-13 09:34:40.085769,1250.0,1,1250.0,617,1255.0,511,2,2454,2025-06-13
2025-06-13 09:34:41.591121,1255.0,1,1250.0,617,1255.0,509,1,2454,2025-06-13
2025-06-13 09:35:16.838665,1255.0,1,1250.0,630,1255.0,519,1,2454,2025-06-13
2025-06-13 09:35:23.973244,1255.0,13,1250.0,635,1255.0,506,1,2454,2025-06-13
2025-06-13 09:35:24.019451,1255.0,1,1250.0,639,1255.0,505,1,2454,2025-06-13
2025-06-13 09:35:27.266698,1250.0,5,1250.0,635,1255.0,503,2,2454,2025-06-13
2025-06-13 09:35:39.515707,1255.0,1,1250.0,636,1255.0,502,1,2454,2025-06-13
2025-06-13 09:35:41.408520,1255.0,1,1250.0,637,1255.0,505,1,2454,2025-06-13
2025-06-13 09:35:48.323765,1255.0,3,1250.0,639,1255.0,502,1,2454,2025-06-13
2025-06-13 09:35:59.445382,1255.0,1,1250.0,651,1255.0,499,1,2454,2025-06-13
2025-06-13 09:36:00.444915,1255.0,5,1250.0,680,1255.0,492,1,2454,2025-06-13
2025-06-13 09:36:01.949022,1255.0,297,1250.0,654,1255.0,188,1,2454,2025-06-13
2025-06-13 09:36:01.949031,1255.0,110,1250.0,654,1255.0,78,1,2454,2025-06-13
2025-06-13 09:36:01.979029,1255.0,2,1250.0,657,1255.0,76,1,2454,2025-06-13
2025-06-13 09:36:01.979152,1255.0,29,1250.0,659,1255.0,47,1,2454,2025-06-13
2025-06-13 09:36:01.979195,1255.0,47,1250.0,659,1260.0,429,1,2454,2025-06-13
2025-06-13 09:36:02.231750,1260.0,6,1255.0,49,1260.0,417,1,2454,2025-06-13
2025-06-13 09:36:02.711839,1255.0,3,1255.0,58,1260.0,410,2,2454,2025-06-13
2025-06-13 09:36:17.740435,1260.0,1,1255.0,68,1260.0,407,1,2454,2025-06-13
2025-06-13 09:36:18.091553,1255.0,2,1255.0,66,1260.0,407,2,2454,2025-06-13
2025-06-13 09:36:20.831131,1255.0,5,1255.0,65,1260.0,397,2,2454,2025-06-13
2025-06-13 09:36:26.064227,1260.0,1,1255.0,70,1260.0,396,1,2454,2025-06-13
2025-06-13 09:36:31.742369,1260.0,20,1255.0,111,1260.0,360,1,2454,2025-06-13
2025-06-13 09:36:42.542322,1260.0,1,1255.0,131,1260.0,375,1,2454,2025-06-13
2025-06-13 09:36:44.970262,1260.0,1,1255.0,133,1260.0,374,1,2454,2025-06-13
2025-06-13 09:36:50.183489,1260.0,1,1255.0,143,1260.0,368,1,2454,2025-06-13
2025-06-13 09:36:59.134013,1260.0,1,1255.0,154,1260.0,364,1,2454,2025-06-13
2025-06-13 09:37:01.100486,1260.0,1,1255.0,161,1260.0,363,1,2454,2025-06-13
2025-06-13 09:37:02.129099,1260.0,1,1255.0,160,1260.0,363,1,2454,2025-06-13
2025-06-13 09:37:02.623214,1260.0,2,1255.0,158,1260.0,361,1,2454,2025-06-13
2025-06-13 09:37:03.450598,1260.0,1,1255.0,158,1260.0,360,1,2454,2025-06-13
2025-06-13 09:37:22.994453,1260.0,1,1255.0,159,1260.0,357,1,2454,2025-06-13
2025-06-13 09:37:32.820812,1260.0,1,1255.0,165,1260.0,355,1,2454,2025-06-13
2025-06-13 09:37:34.338541,1255.0,1,1255.0,165,1260.0,355,2,2454,2025-06-13
2025-06-13 09:37:52.613525,1260.0,20,1255.0,170,1260.0,336,1,2454,2025-06-13
2025-06-13 09:37:52.714829,1255.0,1,1255.0,171,1260.0,335,2,2454,2025-06-13
2025-06-13 09:37:57.572963,1260.0,1,1255.0,176,1260.0,334,1,2454,2025-06-13
2025-06-13 09:38:00.332651,1260.0,5,1255.0,176,1260.0,329,1,2454,2025-06-13
2025-06-13 09:38:12.915768,1260.0,5,1255.0,277,1260.0,328,1,2454,2025-06-13
2025-06-13 09:38:13.040819,1260.0,24,1255.0,277,1260.0,298,1,2454,2025-06-13
2025-06-13 09:38:13.051402,1260.0,3,1255.0,277,1260.0,295,1,2454,2025-06-13
2025-06-13 09:38:13.070062,1260.0,2,1255.0,278,1260.0,272,1,2454,2025-06-13
2025-06-13 09:38:13.955933,1260.0,6,1255.0,279,1260.0,264,1,2454,2025-06-13
2025-06-13 09:38:20.591287,1260.0,5,1255.0,280,1260.0,254,1,2454,2025-06-13
2025-06-13 09:38:20.629441,1260.0,9,1255.0,280,1260.0,245,1,2454,2025-06-13
2025-06-13 09:38:20.630022,1260.0,9,1255.0,280,1260.0,236,1,2454,2025-06-13
2025-06-13 09:38:20.663612,1260.0,43,1255.0,280,1260.0,193,1,2454,2025-06-13
2025-06-13 09:38:20.695973,1260.0,1,1255.0,308,1260.0,192,1,2454,2025-06-13
2025-06-13 09:38:20.696098,1260.0,48,1255.0,308,1260.0,144,1,2454,2025-06-13
2025-06-13 09:38:20.696129,1260.0,20,1255.0,308,1260.0,124,1,2454,2025-06-13
2025-06-13 09:38:20.696273,1260.0,1,1255.0,308,1260.0,123,1,2454,2025-06-13
2025-06-13 09:38:20.728945,1260.0,122,1255.0,310,1265.0,284,1,2454,2025-06-13
2025-06-13 09:38:20.734982,1255.0,1,1255.0,309,1265.0,284,2,2454,2025-06-13
2025-06-13 09:38:20.800349,1260.0,5,1260.0,11,1265.0,311,2,2454,2025-06-13
2025-06-13 09:38:20.800427,1260.0,3,1260.0,8,1265.0,311,2,2454,2025-06-13
2025-06-13 09:38:20.805856,1265.0,1,1260.0,8,1265.0,310,1,2454,2025-06-13
2025-06-13 09:38:21.004233,1265.0,1,1260.0,28,1265.0,311,1,2454,2025-06-13
2025-06-13 09:38:21.015049,1265.0,1,1260.0,28,1265.0,310,1,2454,2025-06-13
2025-06-13 09:38:21.029020,1265.0,1,1260.0,29,1265.0,309,1,2454,2025-06-13
2025-06-13 09:38:21.093168,1265.0,1,1260.0,30,1265.0,309,1,2454,2025-06-13
2025-06-13 09:38:34.242114,1265.0,1,1260.0,74,1265.0,299,1,2454,2025-06-13
2025-06-13 09:38:35.212527,1265.0,1,1260.0,74,1265.0,296,1,2454,2025-06-13
2025-06-13 09:38:35.264178,1265.0,1,1260.0,74,1265.0,295,1,2454,2025-06-13
2025-06-13 09:38:35.597804,1265.0,1,1260.0,75,1265.0,294,1,2454,2025-06-13
2025-06-13 09:38:41.250954,1265.0,5,1260.0,86,1265.0,286,1,2454,2025-06-13
2025-06-13 09:38:44.847880,1265.0,1,1260.0,89,1265.0,263,1,2454,2025-06-13
2025-06-13 09:38:50.401855,1265.0,8,1260.0,87,1265.0,265,1,2454,2025-06-13
2025-06-13 09:38:59.481556,1265.0,1,1260.0,100,1265.0,250,1,2454,2025-06-13
2025-06-13 09:39:00.051122,1265.0,2,1260.0,101,1265.0,248,1,2454,2025-06-13
2025-06-13 09:39:10.446918,1265.0,1,1260.0,107,1265.0,242,1,2454,2025-06-13
2025-06-13 09:39:10.656845,1265.0,1,1260.0,108,1265.0,241,1,2454,2025-06-13
2025-06-13 09:39:14.080155,1265.0,1,1260.0,107,1265.0,240,1,2454,2025-06-13
2025-06-13 09:39:16.955428,1265.0,5,1260.0,106,1265.0,235,1,2454,2025-06-13
2025-06-13 09:39:21.322909,1265.0,2,1260.0,104,1265.0,238,1,2454,2025-06-13
2025-06-13 09:39:38.202077,1265.0,1,1260.0,87,1265.0,278,1,2454,2025-06-13
2025-06-13 09:40:10.133339,1265.0,1,1260.0,95,1265.0,288,1,2454,2025-06-13
2025-06-13 09:40:19.048413,1265.0,1,1260.0,96,1265.0,287,1,2454,2025-06-13
2025-06-13 09:40:24.878459,1260.0,1,1260.0,96,1265.0,284,2,2454,2025-06-13
2025-06-13 09:40:30.155431,1260.0,1,1260.0,98,1265.0,284,2,2454,2025-06-13
2025-06-13 09:40:38.097202,1260.0,9,1260.0,89,1265.0,274,2,2454,2025-06-13
2025-06-13 09:40:45.062398,1260.0,1,1260.0,90,1265.0,276,2,2454,2025-06-13
2025-06-13 09:40:49.560118,1260.0,10,1260.0,68,1265.0,291,2,2454,2025-06-13
2025-06-13 09:40:49.591917,1260.0,1,1260.0,67,1265.0,291,2,2454,2025-06-13
2025-06-13 09:40:49.592540,1260.0,24,1260.0,43,1265.0,291,2,2454,2025-06-13
2025-06-13 09:40:49.622457,1260.0,2,1260.0,41,1265.0,293,2,2454,2025-06-13
2025-06-13 09:40:51.060529,1260.0,1,1260.0,42,1265.0,298,2,2454,2025-06-13
2025-06-13 09:40:57.192898,1260.0,1,1260.0,39,1265.0,286,2,2454,2025-06-13
2025-06-13 09:40:59.324558,1260.0,1,1260.0,36,1265.0,287,2,2454,2025-06-13
2025-06-13 09:41:00.746604,1260.0,20,1260.0,16,1265.0,287,2,2454,2025-06-13
2025-06-13 09:41:01.323544,1260.0,17,1255.0,512,1260.0,143,2,2454,2025-06-13
2025-06-13 09:41:23.814546,1260.0,100,1255.0,508,1260.0,91,1,2454,2025-06-13
2025-06-13 09:41:24.035424,1260.0,21,1255.0,508,1260.0,45,1,2454,2025-06-13
2025-06-13 09:41:24.108985,1255.0,1,1255.0,509,1260.0,45,2,2454,2025-06-13
2025-06-13 09:41:28.091795,1255.0,1,1255.0,514,1260.0,45,2,2454,2025-06-13
2025-06-13 09:41:29.993218,1260.0,1,1255.0,515,1260.0,24,1,2454,2025-06-13
2025-06-13 09:41:31.365668,1260.0,1,1255.0,514,1260.0,23,1,2454,2025-06-13
2025-06-13 09:41:33.721186,1260.0,1,1255.0,515,1260.0,22,1,2454,2025-06-13
2025-06-13 09:41:36.270347,1260.0,1,1255.0,515,1260.0,29,1,2454,2025-06-13
2025-06-13 09:41:37.634344,1260.0,2,1255.0,515,1260.0,27,1,2454,2025-06-13
2025-06-13 09:41:38.634494,1260.0,1,1255.0,517,1260.0,26,1,2454,2025-06-13
2025-06-13 09:41:39.906968,1260.0,1,1255.0,517,1260.0,25,1,2454,2025-06-13
2025-06-13 09:41:42.425071,1260.0,1,1255.0,519,1260.0,24,1,2454,2025-06-13
2025-06-13 09:41:44.361971,1260.0,2,1255.0,519,1260.0,22,1,2454,2025-06-13
2025-06-13 09:41:45.789210,1260.0,1,1255.0,519,1260.0,21,1,2454,2025-06-13
2025-06-13 09:41:52.500584,1260.0,1,1255.0,520,1260.0,30,1,2454,2025-06-13
2025-06-13 09:41:59.463283,1260.0,1,1255.0,522,1260.0,33,1,2454,2025-06-13
2025-06-13 09:42:01.117173,1260.0,3,1255.0,522,1260.0,53,1,2454,2025-06-13
2025-06-13 09:42:06.996324,1260.0,1,1255.0,522,1260.0,96,1,2454,2025-06-13
2025-06-13 09:42:09.475008,1260.0,2,1255.0,527,1260.0,94,1,2454,2025-06-13
2025-06-13 09:42:13.300336,1260.0,1,1255.0,527,1260.0,93,1,2454,2025-06-13
2025-06-13 09:42:14.405138,1260.0,1,1255.0,527,1260.0,102,1,2454,2025-06-13
2025-06-13 09:42:17.866761,1255.0,1,1255.0,528,1260.0,105,2,2454,2025-06-13
2025-06-13 09:42:20.449547,1260.0,1,1255.0,528,1260.0,106,1,2454,2025-06-13
2025-06-13 09:42:22.431643,1260.0,1,1255.0,528,1260.0,107,1,2454,2025-06-13
2025-06-13 09:42:28.904300,1260.0,1,1255.0,527,1260.0,124,1,2454,2025-06-13
2025-06-13 09:42:34.806510,1260.0,1,1255.0,529,1260.0,123,1,2454,2025-06-13
2025-06-13 09:42:35.824399,1260.0,1,1255.0,529,1260.0,116,1,2454,2025-06-13
2025-06-13 09:42:38.329227,1260.0,1,1255.0,526,1260.0,115,1,2454,2025-06-13
2025-06-13 09:42:42.037665,1260.0,1,1255.0,583,1260.0,115,1,2454,2025-06-13
2025-06-13 09:42:50.443424,1260.0,1,1255.0,632,1260.0,116,1,2454,2025-06-13
2025-06-13 09:42:52.794928,1260.0,1,1255.0,633,1260.0,115,1,2454,2025-06-13
2025-06-13 09:42:57.435826,1260.0,1,1255.0,634,1260.0,114,1,2454,2025-06-13
2025-06-13 09:42:58.169724,1260.0,1,1255.0,634,1260.0,113,1,2454,2025-06-13
2025-06-13 09:43:00.273985,1260.0,1,1255.0,636,1260.0,112,1,2454,2025-06-13
2025-06-13 09:43:02.053654,1260.0,1,1255.0,637,1260.0,108,1,2454,2025-06-13
2025-06-13 09:43:04.995385,1260.0,1,1255.0,638,1260.0,102,1,2454,2025-06-13
2025-06-13 09:43:15.903874,1260.0,1,1255.0,642,1260.0,94,1,2454,2025-06-13
2025-06-13 09:43:15.976330,1260.0,1,1255.0,642,1260.0,93,1,2454,2025-06-13
2025-06-13 09:43:16.169996,1260.0,1,1255.0,642,1260.0,92,1,2454,2025-06-13
2025-06-13 09:43:17.650172,1260.0,1,1255.0,642,1260.0,91,1,2454,2025-06-13
2025-06-13 09:43:18.012408,1260.0,1,1255.0,641,1260.0,90,1,2454,2025-06-13
2025-06-13 09:43:19.474499,1260.0,1,1255.0,641,1260.0,86,1,2454,2025-06-13
2025-06-13 09:43:25.152203,1260.0,3,1255.0,649,1260.0,77,1,2454,2025-06-13
2025-06-13 09:43:25.990006,1260.0,5,1255.0,649,1260.0,72,1,2454,2025-06-13
2025-06-13 09:43:27.161003,1260.0,2,1255.0,649,1260.0,70,1,2454,2025-06-13
2025-06-13 09:43:31.754113,1260.0,2,1255.0,647,1260.0,68,1,2454,2025-06-13
2025-06-13 09:43:33.363711,1255.0,1,1255.0,646,1260.0,68,2,2454,2025-06-13
2025-06-13 09:43:43.302706,1260.0,1,1255.0,650,1260.0,70,1,2454,2025-06-13
2025-06-13 09:43:43.933400,1260.0,1,1255.0,650,1260.0,69,1,2454,2025-06-13
2025-06-13 09:43:46.252903,1260.0,5,1255.0,650,1260.0,77,1,2454,2025-06-13
2025-06-13 09:43:47.120909,1260.0,1,1255.0,653,1260.0,63,1,2454,2025-06-13
2025-06-13 09:43:47.185851,1260.0,1,1255.0,653,1260.0,62,1,2454,2025-06-13
2025-06-13 09:43:51.059492,1260.0,1,1255.0,655,1260.0,61,1,2454,2025-06-13
2025-06-13 09:43:53.032939,1260.0,1,1255.0,655,1260.0,60,1,2454,2025-06-13
2025-06-13 09:43:53.045345,1260.0,1,1255.0,654,1260.0,59,1,2454,2025-06-13
2025-06-13 09:44:00.700537,1260.0,1,1255.0,655,1260.0,59,1,2454,2025-06-13
2025-06-13 09:44:01.063602,1260.0,1,1255.0,655,1260.0,58,1,2454,2025-06-13
2025-06-13 09:44:01.434711,1260.0,1,1255.0,655,1260.0,57,1,2454,2025-06-13
2025-06-13 09:44:03.023635,1260.0,1,1255.0,656,1260.0,56,1,2454,2025-06-13
2025-06-13 09:44:03.819251,1260.0,1,1255.0,657,1260.0,55,1,2454,2025-06-13
2025-06-13 09:44:07.597667,1260.0,9,1255.0,657,1260.0,42,1,2454,2025-06-13
2025-06-13 09:44:15.620194,1260.0,1,1255.0,659,1260.0,49,1,2454,2025-06-13
2025-06-13 09:44:16.668996,1260.0,1,1255.0,659,1260.0,48,1,2454,2025-06-13
2025-06-13 09:44:17.784995,1260.0,1,1255.0,659,1260.0,47,1,2454,2025-06-13
2025-06-13 09:44:20.863928,1260.0,1,1255.0,660,1260.0,46,1,2454,2025-06-13
2025-06-13 09:44:21.124422,1260.0,1,1255.0,660,1260.0,45,1,2454,2025-06-13
2025-06-13 09:44:22.098486,1260.0,1,1255.0,659,1260.0,44,1,2454,2025-06-13
2025-06-13 09:44:24.821051,1260.0,1,1255.0,659,1260.0,43,1,2454,2025-06-13
2025-06-13 09:44:25.526185,1260.0,2,1255.0,659,1260.0,41,1,2454,2025-06-13
2025-06-13 09:44:25.963503,1260.0,1,1255.0,659,1260.0,40,1,2454,2025-06-13
2025-06-13 09:44:26.182925,1260.0,1,1255.0,659,1260.0,39,1,2454,2025-06-13
2025-06-13 09:44:27.012761,1260.0,1,1255.0,660,1260.0,38,1,2454,2025-06-13
2025-06-13 09:44:27.034328,1260.0,7,1255.0,660,1260.0,31,1,2454,2025-06-13
2025-06-13 09:44:27.067048,1260.0,2,1255.0,660,1260.0,29,1,2454,2025-06-13
2025-06-13 09:44:27.254830,1255.0,1,1255.0,658,1260.0,29,2,2454,2025-06-13
2025-06-13 09:44:28.252404,1260.0,1,1255.0,659,1260.0,28,1,2454,2025-06-13
2025-06-13 09:44:29.893735,1260.0,1,1255.0,258,1260.0,27,1,2454,2025-06-13
2025-06-13 09:44:33.427523,1260.0,1,1255.0,259,1260.0,26,1,2454,2025-06-13
2025-06-13 09:44:39.158127,1260.0,1,1255.0,259,1260.0,42,1,2454,2025-06-13
2025-06-13 09:44:45.817362,1260.0,1,1255.0,254,1260.0,48,1,2454,2025-06-13
2025-06-13 09:44:47.043200,1260.0,1,1255.0,255,1260.0,48,1,2454,2025-06-13
2025-06-13 09:44:48.470680,1260.0,1,1255.0,254,1260.0,47,1,2454,2025-06-13
2025-06-13 09:44:54.417046,1260.0,1,1255.0,251,1260.0,46,1,2454,2025-06-13
2025-06-13 09:44:56.013018,1255.0,1,1255.0,250,1260.0,52,2,2454,2025-06-13
2025-06-13 09:44:59.690128,1260.0,1,1255.0,249,1260.0,51,1,2454,2025-06-13
2025-06-13 09:45:02.459554,1260.0,1,1255.0,251,1260.0,52,1,2454,2025-06-13
2025-06-13 09:45:10.058624,1260.0,1,1255.0,252,1260.0,51,1,2454,2025-06-13
2025-06-13 09:45:24.957402,1260.0,1,1255.0,257,1260.0,50,1,2454,2025-06-13
2025-06-13 09:45:39.181468,1260.0,1,1255.0,258,1260.0,50,1,2454,2025-06-13
2025-06-13 09:45:42.818821,1260.0,1,1255.0,258,1260.0,50,1,2454,2025-06-13
2025-06-13 09:45:45.478110,1260.0,1,1255.0,258,1260.0,49,1,2454,2025-06-13
2025-06-13 09:46:08.227644,1260.0,2,1255.0,259,1260.0,73,1,2454,2025-06-13
2025-06-13 09:46:08.880483,1260.0,1,1255.0,259,1260.0,72,1,2454,2025-06-13
2025-06-13 09:46:09.434326,1260.0,3,1255.0,259,1260.0,69,1,2454,2025-06-13
2025-06-13 09:46:11.030943,1260.0,1,1255.0,259,1260.0,69,1,2454,2025-06-13
2025-06-13 09:46:22.135793,1260.0,1,1255.0,266,1260.0,68,1,2454,2025-06-13
2025-06-13 09:46:33.959342,1255.0,1,1255.0,267,1260.0,68,2,2454,2025-06-13
2025-06-13 09:47:07.382437,1255.0,1,1255.0,267,1260.0,68,2,2454,2025-06-13
2025-06-13 09:47:15.392271,1260.0,1,1255.0,270,1260.0,67,1,2454,2025-06-13
2025-06-13 09:47:17.723110,1260.0,1,1255.0,271,1260.0,66,1,2454,2025-06-13
2025-06-13 09:47:25.659774,1255.0,2,1255.0,273,1260.0,73,2,2454,2025-06-13
2025-06-13 09:47:38.852633,1260.0,1,1255.0,274,1260.0,79,1,2454,2025-06-13
2025-06-13 09:47:45.357318,1260.0,1,1255.0,274,1260.0,76,1,2454,2025-06-13
2025-06-13 09:47:49.183512,1260.0,1,1255.0,280,1260.0,75,1,2454,2025-06-13
2025-06-13 09:48:19.892324,1260.0,1,1255.0,300,1260.0,56,1,2454,2025-06-13
2025-06-13 09:48:21.203018,1260.0,5,1255.0,300,1260.0,51,1,2454,2025-06-13
2025-06-13 09:48:21.232574,1260.0,8,1255.0,300,1260.0,43,1,2454,2025-06-13
2025-06-13 09:48:21.296056,1255.0,2,1255.0,308,1260.0,38,2,2454,2025-06-13
2025-06-13 09:48:35.999492,1260.0,1,1255.0,309,1260.0,41,1,2454,2025-06-13
2025-06-13 09:48:49.398413,1260.0,2,1255.0,310,1260.0,40,1,2454,2025-06-13
2025-06-13 09:48:53.035728,1260.0,1,1255.0,312,1260.0,39,1,2454,2025-06-13
2025-06-13 09:49:00.789076,1260.0,2,1255.0,314,1260.0,40,1,2454,2025-06-13
2025-06-13 09:49:14.466183,1260.0,4,1255.0,310,1260.0,46,1,2454,2025-06-13
2025-06-13 09:49:17.219109,1260.0,1,1255.0,311,1260.0,50,1,2454,2025-06-13
2025-06-13 09:49:20.718633,1260.0,8,1255.0,304,1260.0,42,1,2454,2025-06-13
2025-06-13 09:49:20.899564,1255.0,1,1255.0,303,1260.0,41,2,2454,2025-06-13
2025-06-13 09:49:21.746097,1255.0,1,1255.0,302,1260.0,40,2,2454,2025-06-13
2025-06-13 09:49:37.804740,1260.0,1,1255.0,312,1260.0,49,1,2454,2025-06-13
2025-06-13 09:49:48.354669,1260.0,4,1255.0,412,1260.0,63,1,2454,2025-06-13
2025-06-13 09:49:56.731149,1260.0,1,1255.0,414,1260.0,63,1,2454,2025-06-13
2025-06-13 09:49:57.237944,1260.0,1,1255.0,414,1260.0,50,1,2454,2025-06-13
2025-06-13 09:50:01.045130,1260.0,1,1255.0,414,1260.0,43,1,2454,2025-06-13
2025-06-13 09:50:04.479392,1260.0,1,1255.0,413,1260.0,42,1,2454,2025-06-13
2025-06-13 09:50:16.586646,1260.0,1,1255.0,423,1260.0,40,1,2454,2025-06-13
2025-06-13 09:50:16.750426,1255.0,1,1255.0,422,1260.0,39,2,2454,2025-06-13
2025-06-13 09:50:19.140629,1260.0,1,1255.0,423,1260.0,38,1,2454,2025-06-13
2025-06-13 09:50:28.203509,1260.0,1,1255.0,425,1260.0,37,1,2454,2025-06-13
2025-06-13 09:50:37.289545,1260.0,1,1255.0,425,1260.0,36,1,2454,2025-06-13
2025-06-13 09:50:43.395512,1255.0,1,1255.0,442,1260.0,46,2,2454,2025-06-13
2025-06-13 09:50:52.800522,1255.0,3,1255.0,443,1260.0,58,2,2454,2025-06-13
2025-06-13 09:50:53.037010,1255.0,1,1255.0,442,1260.0,57,2,2454,2025-06-13
2025-06-13 09:51:07.853314,1255.0,5,1255.0,442,1260.0,58,2,2454,2025-06-13
2025-06-13 09:51:08.013555,1255.0,1,1255.0,441,1260.0,57,2,2454,2025-06-13
2025-06-13 09:51:21.874680,1260.0,1,1255.0,442,1260.0,60,1,2454,2025-06-13
2025-06-13 09:51:22.444496,1260.0,1,1255.0,442,1260.0,57,1,2454,2025-06-13
2025-06-13 09:51:46.181381,1260.0,1,1255.0,456,1260.0,57,1,2454,2025-06-13
2025-06-13 09:51:54.811984,1260.0,1,1255.0,457,1260.0,57,1,2454,2025-06-13
2025-06-13 09:52:02.568269,1260.0,1,1255.0,460,1260.0,48,1,2454,2025-06-13
2025-06-13 09:52:04.739053,1260.0,1,1255.0,460,1260.0,49,1,2454,2025-06-13
2025-06-13 09:52:09.476714,1260.0,1,1255.0,460,1260.0,48,1,2454,2025-06-13
2025-06-13 09:52:19.687340,1260.0,1,1255.0,461,1260.0,48,1,2454,2025-06-13
2025-06-13 09:52:19.974318,1260.0,1,1255.0,461,1260.0,47,1,2454,2025-06-13
2025-06-13 09:52:25.469190,1260.0,1,1255.0,468,1260.0,44,1,2454,2025-06-13
2025-06-13 09:52:28.573797,1260.0,1,1255.0,468,1260.0,43,1,2454,2025-06-13
2025-06-13 09:52:28.711497,1260.0,1,1255.0,468,1260.0,42,1,2454,2025-06-13
2025-06-13 09:52:28.998181,1260.0,1,1255.0,468,1260.0,41,1,2454,2025-06-13
2025-06-13 09:52:43.238441,1260.0,1,1255.0,465,1260.0,68,1,2454,2025-06-13
2025-06-13 09:52:47.224599,1260.0,1,1255.0,464,1260.0,66,1,2454,2025-06-13
2025-06-13 09:52:51.623877,1260.0,1,1255.0,464,1260.0,65,1,2454,2025-06-13
2025-06-13 09:52:52.464686,1260.0,1,1255.0,465,1260.0,64,1,2454,2025-06-13
2025-06-13 09:52:52.894114,1260.0,1,1255.0,465,1260.0,64,1,2454,2025-06-13
2025-06-13 09:52:55.306177,1260.0,3,1255.0,467,1260.0,68,1,2454,2025-06-13
2025-06-13 09:53:00.722951,1255.0,1,1255.0,466,1260.0,71,2,2454,2025-06-13
2025-06-13 09:53:04.699027,1260.0,3,1255.0,469,1260.0,62,1,2454,2025-06-13
2025-06-13 09:53:05.476251,1260.0,1,1255.0,471,1260.0,55,1,2454,2025-06-13
2025-06-13 09:53:08.144192,1260.0,2,1255.0,472,1260.0,61,1,2454,2025-06-13
2025-06-13 09:53:09.482240,1260.0,2,1255.0,470,1260.0,52,1,2454,2025-06-13
2025-06-13 09:53:11.839595,1260.0,1,1255.0,470,1260.0,49,1,2454,2025-06-13
2025-06-13 09:53:14.825613,1260.0,3,1255.0,470,1260.0,45,1,2454,2025-06-13
2025-06-13 09:53:15.781469,1260.0,1,1255.0,469,1260.0,45,1,2454,2025-06-13
2025-06-13 09:53:18.397516,1260.0,1,1255.0,473,1260.0,44,1,2454,2025-06-13
2025-06-13 09:53:19.828064,1255.0,1,1255.0,472,1260.0,44,2,2454,2025-06-13
2025-06-13 09:53:25.556242,1260.0,1,1255.0,472,1260.0,44,1,2454,2025-06-13
2025-06-13 09:53:32.998522,1260.0,1,1255.0,468,1260.0,44,1,2454,2025-06-13
2025-06-13 09:53:41.654968,1260.0,1,1255.0,468,1260.0,45,1,2454,2025-06-13
2025-06-13 09:53:48.946571,1260.0,1,1255.0,466,1260.0,45,1,2454,2025-06-13
2025-06-13 09:54:01.747454,1260.0,1,1255.0,467,1260.0,44,1,2454,2025-06-13
2025-06-13 09:54:03.651207,1260.0,1,1255.0,467,1260.0,43,1,2454,2025-06-13
2025-06-13 09:54:08.061551,1260.0,1,1255.0,469,1260.0,42,1,2454,2025-06-13
2025-06-13 09:54:08.629866,1260.0,1,1255.0,469,1260.0,41,1,2454,2025-06-13
2025-06-13 09:54:11.677231,1260.0,1,1255.0,469,1260.0,40,1,2454,2025-06-13
2025-06-13 09:54:13.099706,1260.0,1,1255.0,469,1260.0,39,1,2454,2025-06-13
2025-06-13 09:54:17.013570,1260.0,1,1255.0,469,1260.0,38,1,2454,2025-06-13
2025-06-13 09:54:17.494244,1260.0,1,1255.0,469,1260.0,37,1,2454,2025-06-13
2025-06-13 09:54:20.242617,1260.0,1,1255.0,473,1260.0,36,1,2454,2025-06-13
2025-06-13 09:54:20.737366,1260.0,2,1255.0,473,1260.0,34,1,2454,2025-06-13
2025-06-13 09:54:22.562930,1260.0,1,1255.0,473,1260.0,33,1,2454,2025-06-13
2025-06-13 09:54:30.023742,1260.0,1,1255.0,475,1260.0,32,1,2454,2025-06-13
2025-06-13 09:54:32.970197,1260.0,1,1255.0,476,1260.0,31,1,2454,2025-06-13
2025-06-13 09:54:36.493794,1255.0,1,1255.0,480,1260.0,31,2,2454,2025-06-13
2025-06-13 09:54:37.702208,1260.0,31,1260.0,69,1265.0,393,1,2454,2025-06-13
2025-06-13 09:54:37.857948,1265.0,1,1260.0,83,1265.0,455,1,2454,2025-06-13
2025-06-13 09:54:42.873917,1265.0,1,1260.0,807,1265.0,437,1,2454,2025-06-13
2025-06-13 09:54:48.890881,1265.0,1,1260.0,110,1265.0,422,1,2454,2025-06-13
2025-06-13 09:54:57.111044,1265.0,1,1260.0,116,1265.0,410,1,2454,2025-06-13
2025-06-13 09:54:59.961218,1265.0,2,1260.0,115,1265.0,408,1,2454,2025-06-13
2025-06-13 09:55:25.386865,1265.0,1,1260.0,127,1265.0,524,1,2454,2025-06-13
2025-06-13 09:55:26.753492,1265.0,1,1260.0,127,1265.0,523,1,2454,2025-06-13
2025-06-13 09:55:39.398490,1265.0,1,1260.0,129,1265.0,518,1,2454,2025-06-13
2025-06-13 09:55:51.872164,1260.0,1,1260.0,142,1265.0,515,2,2454,2025-06-13
2025-06-13 09:56:10.768987,1265.0,2,1260.0,146,1265.0,513,1,2454,2025-06-13
2025-06-13 09:56:10.977743,1265.0,1,1260.0,146,1265.0,512,1,2454,2025-06-13
2025-06-13 09:56:19.202727,1265.0,1,1260.0,146,1265.0,511,1,2454,2025-06-13
2025-06-13 09:56:27.228210,1265.0,1,1260.0,147,1265.0,511,1,2454,2025-06-13
2025-06-13 09:56:34.003196,1265.0,1,1260.0,152,1265.0,378,1,2454,2025-06-13
2025-06-13 09:56:35.116558,1260.0,65,1260.0,87,1265.0,378,2,2454,2025-06-13
2025-06-13 09:56:35.118392,1260.0,1,1260.0,86,1265.0,378,2,2454,2025-06-13
2025-06-13 09:56:48.388942,1265.0,1,1260.0,91,1265.0,400,1,2454,2025-06-13
2025-06-13 09:57:01.079830,1265.0,1,1260.0,103,1265.0,396,1,2454,2025-06-13
2025-06-13 09:57:04.031955,1265.0,1,1260.0,106,1265.0,396,1,2454,2025-06-13
2025-06-13 09:57:17.219803,1265.0,2,1260.0,112,1265.0,394,1,2454,2025-06-13
2025-06-13 09:57:38.119458,1265.0,1,1260.0,121,1265.0,393,1,2454,2025-06-13
2025-06-13 09:57:38.186819,1265.0,1,1260.0,121,1265.0,392,1,2454,2025-06-13
2025-06-13 09:57:40.834789,1265.0,1,1260.0,123,1265.0,391,1,2454,2025-06-13
2025-06-13 09:57:48.051611,1265.0,1,1260.0,122,1265.0,390,1,2454,2025-06-13
2025-06-13 09:57:52.824162,1265.0,1,1260.0,124,1265.0,390,1,2454,2025-06-13
2025-06-13 09:58:03.885016,1265.0,1,1260.0,125,1265.0,392,1,2454,2025-06-13
2025-06-13 09:58:28.625019,1265.0,1,1260.0,133,1265.0,397,1,2454,2025-06-13
2025-06-13 09:58:40.501742,1260.0,12,1260.0,121,1265.0,378,2,2454,2025-06-13
2025-06-13 09:59:11.586347,1265.0,1,1260.0,132,1265.0,382,1,2454,2025-06-13
2025-06-13 09:59:13.429674,1265.0,1,1260.0,132,1265.0,381,1,2454,2025-06-13
2025-06-13 09:59:39.561022,1265.0,1,1260.0,140,1265.0,384,1,2454,2025-06-13
2025-06-13 09:59:48.280434,1265.0,1,1260.0,140,1265.0,383,1,2454,2025-06-13
2025-06-13 10:00:15.935385,1260.0,1,1260.0,145,1265.0,383,2,2454,2025-06-13
2025-06-13 10:00:56.477930,1265.0,1,1260.0,146,1265.0,383,1,2454,2025-06-13
2025-06-13 10:01:10.935770,1260.0,1,1260.0,153,1265.0,383,2,2454,2025-06-13
2025-06-13 10:01:24.879765,1265.0,1,1260.0,161,1265.0,381,1,2454,2025-06-13
2025-06-13 10:02:04.414984,1260.0,4,1260.0,164,1265.0,395,2,2454,2025-06-13
2025-06-13 10:02:08.227470,1260.0,6,1260.0,159,1265.0,394,2,2454,2025-06-13
2025-06-13 10:02:30.749984,1265.0,1,1260.0,160,1265.0,378,1,2454,2025-06-13
2025-06-13 10:02:34.637264,1265.0,1,1260.0,161,1265.0,404,1,2454,2025-06-13
2025-06-13 10:03:11.374426,1265.0,1,1260.0,163,1265.0,409,1,2454,2025-06-13
2025-06-13 10:03:14.026820,1265.0,1,1260.0,163,1265.0,408,1,2454,2025-06-13
2025-06-13 10:03:38.200211,1265.0,2,1260.0,164,1265.0,409,1,2454,2025-06-13
2025-06-13 10:03:39.960705,1265.0,2,1260.0,164,1265.0,407,1,2454,2025-06-13
2025-06-13 10:03:57.007995,1265.0,8,1260.0,166,1265.0,398,1,2454,2025-06-13
2025-06-13 10:04:00.000315,1265.0,2,1260.0,167,1265.0,396,1,2454,2025-06-13
2025-06-13 10:04:14.210853,1260.0,5,1260.0,169,1265.0,397,2,2454,2025-06-13
2025-06-13 10:04:14.393101,1265.0,1,1260.0,168,1265.0,396,1,2454,2025-06-13
2025-06-13 10:04:44.668925,1260.0,4,1260.0,175,1265.0,406,2,2454,2025-06-13
2025-06-13 10:04:45.877690,1265.0,1,1260.0,171,1265.0,406,1,2454,2025-06-13
2025-06-13 10:05:01.292776,1265.0,1,1260.0,176,1265.0,405,1,2454,2025-06-13
2025-06-13 10:05:28.140180,1260.0,1,1260.0,176,1265.0,412,2,2454,2025-06-13
2025-06-13 10:05:30.694720,1260.0,1,1260.0,175,1265.0,412,2,2454,2025-06-13
2025-06-13 10:06:01.097766,1260.0,10,1260.0,169,1265.0,418,2,2454,2025-06-13
2025-06-13 10:07:02.548709,1265.0,1,1260.0,172,1265.0,425,1,2454,2025-06-13
2025-06-13 10:07:06.643902,1260.0,1,1260.0,171,1265.0,425,2,2454,2025-06-13
2025-06-13 10:09:00.027600,1265.0,2,1260.0,186,1265.0,440,1,2454,2025-06-13
2025-06-13 10:09:25.885790,1260.0,1,1260.0,184,1265.0,443,2,2454,2025-06-13
2025-06-13 10:09:28.899308,1260.0,6,1260.0,178,1265.0,443,2,2454,2025-06-13
2025-06-13 10:09:39.859034,1265.0,1,1260.0,183,1265.0,436,1,2454,2025-06-13
2025-06-13 10:09:57.041728,1260.0,5,1260.0,180,1265.0,444,2,2454,2025-06-13
2025-06-13 10:10:46.905757,1260.0,1,1260.0,195,1265.0,466,2,2454,2025-06-13
2025-06-13 10:11:00.946058,1260.0,1,1260.0,195,1265.0,468,2,2454,2025-06-13
2025-06-13 10:11:01.291880,1260.0,1,1260.0,194,1265.0,468,2,2454,2025-06-13
2025-06-13 10:11:06.540516,1260.0,1,1260.0,194,1265.0,468,2,2454,2025-06-13
2025-06-13 10:11:18.366641,1260.0,20,1260.0,174,1265.0,473,2,2454,2025-06-13
2025-06-13 10:11:18.385231,1260.0,22,1260.0,148,1265.0,479,2,2454,2025-06-13
2025-06-13 10:11:19.669668,1265.0,1,1260.0,145,1265.0,479,1,2454,2025-06-13
2025-06-13 10:11:27.884743,1265.0,1,1260.0,147,1265.0,476,1,2454,2025-06-13
2025-06-13 10:11:40.832937,1265.0,1,1260.0,146,1265.0,479,1,2454,2025-06-13
2025-06-13 10:11:53.603666,1260.0,1,1260.0,148,1265.0,486,2,2454,2025-06-13
2025-06-13 10:12:00.047880,1265.0,2,1260.0,147,1265.0,484,1,2454,2025-06-13
2025-06-13 10:12:02.406469,1265.0,2,1260.0,145,1265.0,484,1,2454,2025-06-13
2025-06-13 10:12:11.369257,1260.0,1,1260.0,145,1265.0,483,2,2454,2025-06-13
2025-06-13 10:12:48.584146,1265.0,2,1260.0,152,1265.0,494,1,2454,2025-06-13
2025-06-13 10:13:04.369472,1265.0,1,1260.0,154,1265.0,494,1,2454,2025-06-13
2025-06-13 10:14:11.087426,1260.0,1,1260.0,165,1265.0,503,2,2454,2025-06-13
2025-06-13 10:14:18.637688,1265.0,1,1260.0,166,1265.0,502,1,2454,2025-06-13
2025-06-13 10:14:48.886994,1265.0,1,1260.0,172,1265.0,494,1,2454,2025-06-13
2025-06-13 10:15:11.003941,1260.0,2,1260.0,174,1265.0,501,2,2454,2025-06-13
2025-06-13 10:15:17.556209,1260.0,2,1260.0,173,1265.0,502,2,2454,2025-06-13
2025-06-13 10:15:44.971559,1265.0,1,1260.0,173,1265.0,501,1,2454,2025-06-13
2025-06-13 10:15:47.533572,1265.0,1,1260.0,173,1265.0,501,1,2454,2025-06-13
2025-06-13 10:15:53.848790,1265.0,1,1260.0,178,1265.0,492,1,2454,2025-06-13
2025-06-13 10:16:00.050177,1265.0,8,1260.0,179,1265.0,484,1,2454,2025-06-13
2025-06-13 10:16:59.422780,1265.0,1,1260.0,186,1265.0,487,1,2454,2025-06-13
2025-06-13 10:17:07.847499,1265.0,1,1260.0,186,1265.0,486,1,2454,2025-06-13
2025-06-13 10:17:30.572430,1265.0,1,1260.0,188,1265.0,487,1,2454,2025-06-13
2025-06-13 10:17:56.199141,1260.0,1,1260.0,188,1265.0,487,2,2454,2025-06-13
2025-06-13 10:18:01.246933,1260.0,1,1260.0,194,1265.0,487,2,2454,2025-06-13
2025-06-13 10:18:09.887424,1265.0,1,1260.0,194,1265.0,494,1,2454,2025-06-13
2025-06-13 10:18:57.419957,1265.0,1,1260.0,195,1265.0,496,1,2454,2025-06-13
2025-06-13 10:18:59.828335,1265.0,1,1260.0,195,1265.0,495,1,2454,2025-06-13
2025-06-13 10:19:02.988370,1265.0,1,1260.0,196,1265.0,496,1,2454,2025-06-13
2025-06-13 10:19:10.507827,1260.0,2,1260.0,198,1265.0,494,2,2454,2025-06-13
2025-06-13 10:19:16.015390,1260.0,2,1260.0,195,1265.0,495,2,2454,2025-06-13
2025-06-13 10:19:28.922653,1260.0,1,1260.0,195,1265.0,496,2,2454,2025-06-13
2025-06-13 10:20:05.846018,1265.0,2,1260.0,194,1265.0,524,1,2454,2025-06-13
2025-06-13 10:20:05.914446,1265.0,1,1260.0,194,1265.0,523,1,2454,2025-06-13
2025-06-13 10:20:18.804292,1265.0,1,1260.0,196,1265.0,527,1,2454,2025-06-13
2025-06-13 10:20:24.335773,1260.0,3,1260.0,194,1265.0,528,2,2454,2025-06-13
2025-06-13 10:21:08.789162,1260.0,3,1260.0,195,1265.0,528,2,2454,2025-06-13
2025-06-13 10:21:16.973356,1265.0,1,1260.0,196,1265.0,527,1,2454,2025-06-13
2025-06-13 10:21:22.072555,1265.0,1,1260.0,196,1265.0,528,1,2454,2025-06-13
2025-06-13 10:21:30.891318,1265.0,1,1260.0,197,1265.0,527,1,2454,2025-06-13
2025-06-13 10:21:47.435085,1265.0,1,1260.0,195,1265.0,535,1,2454,2025-06-13
2025-06-13 10:21:51.438315,1260.0,3,1260.0,192,1265.0,535,2,2454,2025-06-13
2025-06-13 10:21:54.522227,1260.0,2,1260.0,189,1265.0,533,2,2454,2025-06-13
2025-06-13 10:21:56.625625,1260.0,20,1260.0,168,1265.0,533,2,2454,2025-06-13
2025-06-13 10:21:58.403053,1260.0,1,1260.0,162,1265.0,536,2,2454,2025-06-13
2025-06-13 10:22:05.101718,1260.0,1,1260.0,165,1265.0,539,2,2454,2025-06-13
2025-06-13 10:22:28.826622,1260.0,1,1260.0,164,1265.0,550,2,2454,2025-06-13
2025-06-13 10:22:35.696984,1260.0,1,1260.0,162,1265.0,562,2,2454,2025-06-13
2025-06-13 10:22:37.322079,1260.0,1,1260.0,161,1265.0,561,2,2454,2025-06-13
2025-06-13 10:22:39.617137,1260.0,1,1260.0,160,1265.0,560,2,2454,2025-06-13
2025-06-13 10:22:51.923962,1260.0,1,1260.0,159,1265.0,560,2,2454,2025-06-13
2025-06-13 10:22:59.123511,1265.0,2,1260.0,157,1265.0,559,1,2454,2025-06-13
2025-06-13 10:22:59.945129,1260.0,1,1260.0,156,1265.0,559,2,2454,2025-06-13
2025-06-13 10:23:11.944028,1265.0,1,1260.0,159,1265.0,557,1,2454,2025-06-13
2025-06-13 10:23:19.327302,1260.0,1,1260.0,159,1265.0,558,2,2454,2025-06-13
2025-06-13 10:23:19.329322,1260.0,65,1260.0,94,1265.0,558,2,2454,2025-06-13
2025-06-13 10:23:19.356493,1260.0,24,1260.0,70,1265.0,562,2,2454,2025-06-13
2025-06-13 10:23:19.416484,1260.0,1,1260.0,66,1265.0,559,2,2454,2025-06-13
2025-06-13 10:23:19.430696,1265.0,3,1260.0,65,1265.0,556,1,2454,2025-06-13
2025-06-13 10:23:19.433086,1260.0,3,1260.0,62,1265.0,556,2,2454,2025-06-13
2025-06-13 10:23:19.514103,1265.0,1,1260.0,62,1265.0,554,1,2454,2025-06-13
2025-06-13 10:23:19.516831,1260.0,1,1260.0,61,1265.0,553,2,2454,2025-06-13
2025-06-13 10:23:22.535355,1260.0,1,1260.0,64,1265.0,551,2,2454,2025-06-13
2025-06-13 10:23:27.357642,1260.0,1,1260.0,60,1265.0,545,2,2454,2025-06-13
2025-06-13 10:23:45.434536,1260.0,1,1260.0,57,1265.0,556,2,2454,2025-06-13
2025-06-13 10:23:46.994687,1260.0,20,1260.0,37,1265.0,556,2,2454,2025-06-13
2025-06-13 10:23:47.025589,1260.0,1,1260.0,33,1265.0,556,2,2454,2025-06-13
2025-06-13 10:23:47.095245,1260.0,1,1260.0,32,1265.0,558,2,2454,2025-06-13
2025-06-13 10:23:47.460225,1260.0,1,1260.0,31,1265.0,557,2,2454,2025-06-13
2025-06-13 10:23:48.523002,1260.0,2,1260.0,28,1265.0,554,2,2454,2025-06-13
2025-06-13 10:23:50.382627,1260.0,1,1260.0,31,1265.0,555,2,2454,2025-06-13
2025-06-13 10:23:53.564357,1260.0,1,1260.0,31,1265.0,565,2,2454,2025-06-13
2025-06-13 10:23:55.774291,1260.0,5,1260.0,18,1265.0,564,2,2454,2025-06-13
2025-06-13 10:23:55.858626,1260.0,1,1260.0,17,1265.0,564,2,2454,2025-06-13
2025-06-13 10:23:59.875514,1260.0,2,1260.0,15,1265.0,566,2,2454,2025-06-13
2025-06-13 10:24:00.049540,1260.0,1,1260.0,14,1265.0,566,2,2454,2025-06-13
2025-06-13 10:24:00.062418,1260.0,4,1260.0,15,1265.0,566,2,2454,2025-06-13
2025-06-13 10:24:00.087846,1260.0,9,1260.0,1,1265.0,566,2,2454,2025-06-13
2025-06-13 10:24:00.089249,1260.0,1,1255.0,562,1260.0,3,2,2454,2025-06-13
2025-06-13 10:24:00.117678,1260.0,3,1255.0,560,1260.0,3,1,2454,2025-06-13
2025-06-13 10:24:00.149075,1260.0,3,1255.0,562,1260.0,1,1,2454,2025-06-13
2025-06-13 10:24:00.149086,1260.0,1,1255.0,562,1265.0,553,1,2454,2025-06-13
2025-06-13 10:24:00.161505,1260.0,2,1255.0,562,1260.0,6,1,2454,2025-06-13
2025-06-13 10:24:00.170725,1260.0,1,1255.0,596,1260.0,13,1,2454,2025-06-13
2025-06-13 10:24:00.170736,1260.0,3,1255.0,596,1260.0,10,1,2454,2025-06-13
2025-06-13 10:24:00.176898,1255.0,3,1255.0,593,1260.0,10,2,2454,2025-06-13
2025-06-13 10:24:00.191809,1255.0,1,1255.0,590,1260.0,8,2,2454,2025-06-13
2025-06-13 10:24:00.296365,1260.0,2,1255.0,567,1260.0,7,1,2454,2025-06-13
2025-06-13 10:24:00.308209,1260.0,4,1255.0,558,1260.0,7,1,2454,2025-06-13
2025-06-13 10:24:00.373554,1255.0,1,1255.0,565,1260.0,3,2,2454,2025-06-13
2025-06-13 10:24:07.751725,1260.0,2,1255.0,557,1260.0,153,1,2454,2025-06-13
2025-06-13 10:24:13.613256,1260.0,1,1255.0,558,1260.0,142,1,2454,2025-06-13
2025-06-13 10:24:46.277347,1255.0,1,1255.0,539,1260.0,269,2,2454,2025-06-13
2025-06-13 10:24:51.900471,1260.0,1,1255.0,530,1260.0,269,1,2454,2025-06-13
2025-06-13 10:26:13.082641,1260.0,1,1255.0,540,1260.0,327,1,2454,2025-06-13
2025-06-13 10:27:01.715661,1260.0,1,1255.0,542,1260.0,327,1,2454,2025-06-13
2025-06-13 10:27:02.637334,1255.0,1,1255.0,541,1260.0,332,2,2454,2025-06-13
2025-06-13 10:27:47.862808,1260.0,1,1255.0,547,1260.0,335,1,2454,2025-06-13
2025-06-13 10:28:00.542623,1260.0,1,1255.0,547,1260.0,335,1,2454,2025-06-13
2025-06-13 10:28:05.370026,1255.0,1,1255.0,546,1260.0,334,2,2454,2025-06-13
2025-06-13 10:28:21.265286,1255.0,3,1255.0,544,1260.0,335,2,2454,2025-06-13
2025-06-13 10:28:30.898733,1255.0,1,1255.0,545,1260.0,336,2,2454,2025-06-13
2025-06-13 10:28:41.377090,1255.0,1,1255.0,544,1260.0,344,2,2454,2025-06-13
2025-06-13 10:28:49.880399,1255.0,2,1255.0,543,1260.0,344,2,2454,2025-06-13
2025-06-13 10:28:59.130498,1255.0,2,1255.0,540,1260.0,349,2,2454,2025-06-13
2025-06-13 10:29:00.060769,1255.0,1,1255.0,539,1260.0,349,2,2454,2025-06-13
2025-06-13 10:29:01.924186,1260.0,1,1255.0,540,1260.0,350,1,2454,2025-06-13
2025-06-13 10:29:02.397829,1255.0,2,1255.0,538,1260.0,350,2,2454,2025-06-13
2025-06-13 10:29:03.675055,1255.0,1,1255.0,537,1260.0,350,2,2454,2025-06-13
2025-06-13 10:29:05.494123,1255.0,3,1255.0,534,1260.0,350,2,2454,2025-06-13
2025-06-13 10:29:19.532160,1260.0,1,1255.0,532,1260.0,364,1,2454,2025-06-13
2025-06-13 10:29:20.939653,1260.0,1,1255.0,531,1260.0,309,1,2454,2025-06-13
2025-06-13 10:29:33.493689,1255.0,1,1255.0,531,1260.0,398,2,2454,2025-06-13
2025-06-13 10:29:36.907202,1255.0,1,1255.0,530,1260.0,398,2,2454,2025-06-13
2025-06-13 10:29:49.372547,1260.0,1,1255.0,530,1260.0,400,1,2454,2025-06-13
2025-06-13 10:30:01.033921,1255.0,1,1255.0,532,1260.0,401,2,2454,2025-06-13
2025-06-13 10:30:07.994517,1255.0,1,1255.0,532,1260.0,402,2,2454,2025-06-13
2025-06-13 10:30:09.927534,1255.0,7,1255.0,525,1260.0,395,2,2454,2025-06-13
2025-06-13 10:30:11.205928,1260.0,1,1255.0,523,1260.0,394,1,2454,2025-06-13
2025-06-13 10:30:15.042594,1260.0,1,1255.0,523,1260.0,393,1,2454,2025-06-13
2025-06-13 10:30:41.864832,1255.0,2,1255.0,522,1260.0,398,2,2454,2025-06-13
2025-06-13 10:30:46.471515,1260.0,1,1255.0,522,1260.0,397,1,2454,2025-06-13
2025-06-13 10:31:11.320645,1255.0,1,1255.0,522,1260.0,402,2,2454,2025-06-13
2025-06-13 10:31:14.650136,1255.0,8,1255.0,514,1260.0,402,2,2454,2025-06-13
2025-06-13 10:31:33.915186,1260.0,1,1255.0,517,1260.0,406,1,2454,2025-06-13
2025-06-13 10:31:39.004424,1255.0,1,1255.0,516,1260.0,404,2,2454,2025-06-13
2025-06-13 10:31:45.294912,1255.0,1,1255.0,514,1260.0,411,2,2454,2025-06-13
2025-06-13 10:32:01.722550,1255.0,1,1255.0,524,1260.0,414,2,2454,2025-06-13
2025-06-13 10:32:10.142757,1260.0,2,1255.0,524,1260.0,412,1,2454,2025-06-13
2025-06-13 10:32:11.156908,1260.0,1,1255.0,524,1260.0,409,1,2454,2025-06-13
2025-06-13 10:32:12.122627,1255.0,1,1255.0,523,1260.0,409,2,2454,2025-06-13
2025-06-13 10:32:14.062353,1260.0,1,1255.0,523,1260.0,408,1,2454,2025-06-13
2025-06-13 10:32:20.909169,1255.0,21,1255.0,502,1260.0,348,2,2454,2025-06-13
2025-06-13 10:32:26.697512,1260.0,2,1255.0,504,1260.0,385,1,2454,2025-06-13
2025-06-13 10:32:37.699856,1260.0,1,1255.0,506,1260.0,385,1,2454,2025-06-13
2025-06-13 10:32:41.101329,1255.0,1,1255.0,504,1260.0,386,2,2454,2025-06-13
2025-06-13 10:33:32.092787,1260.0,1,1255.0,508,1260.0,408,1,2454,2025-06-13
2025-06-13 10:33:45.786417,1255.0,1,1255.0,508,1260.0,415,2,2454,2025-06-13
2025-06-13 10:33:57.051507,1255.0,1,1255.0,509,1260.0,415,2,2454,2025-06-13
2025-06-13 10:34:01.479507,1255.0,1,1255.0,512,1260.0,423,2,2454,2025-06-13
2025-06-13 10:34:05.085776,1255.0,1,1255.0,517,1260.0,424,2,2454,2025-06-13
2025-06-13 10:34:06.745975,1255.0,1,1255.0,517,1260.0,424,2,2454,2025-06-13
2025-06-13 10:34:09.812348,1255.0,2,1255.0,515,1260.0,422,2,2454,2025-06-13
2025-06-13 10:34:09.827845,1255.0,2,1255.0,513,1260.0,422,2,2454,2025-06-13
2025-06-13 10:34:09.966961,1255.0,1,1255.0,510,1260.0,422,2,2454,2025-06-13
2025-06-13 10:34:26.715174,1255.0,1,1255.0,510,1260.0,428,2,2454,2025-06-13
2025-06-13 10:34:36.241341,1260.0,1,1255.0,510,1260.0,428,1,2454,2025-06-13
2025-06-13 10:34:54.912296,1260.0,1,1255.0,508,1260.0,446,1,2454,2025-06-13
2025-06-13 10:34:59.756309,1255.0,3,1255.0,508,1260.0,444,2,2454,2025-06-13
2025-06-13 10:35:00.050698,1260.0,2,1255.0,508,1260.0,442,1,2454,2025-06-13
2025-06-13 10:35:01.545926,1260.0,1,1255.0,508,1260.0,442,1,2454,2025-06-13
2025-06-13 10:35:03.562249,1255.0,3,1255.0,505,1260.0,442,2,2454,2025-06-13
2025-06-13 10:35:06.423059,1260.0,1,1255.0,504,1260.0,442,1,2454,2025-06-13
2025-06-13 10:35:19.427338,1255.0,2,1255.0,502,1260.0,441,2,2454,2025-06-13
2025-06-13 10:35:21.256799,1260.0,2,1255.0,502,1260.0,439,1,2454,2025-06-13
2025-06-13 10:35:23.147796,1255.0,1,1255.0,501,1260.0,439,2,2454,2025-06-13
2025-06-13 10:35:26.000088,1260.0,1,1255.0,501,1260.0,442,1,2454,2025-06-13
2025-06-13 10:35:34.474651,1255.0,1,1255.0,500,1260.0,443,2,2454,2025-06-13
2025-06-13 10:35:37.269828,1255.0,1,1255.0,499,1260.0,444,2,2454,2025-06-13
2025-06-13 10:36:01.619068,1255.0,1,1255.0,492,1260.0,446,2,2454,2025-06-13
2025-06-13 10:36:06.932521,1255.0,1,1255.0,492,1260.0,446,2,2454,2025-06-13
2025-06-13 10:36:11.157076,1255.0,2,1255.0,490,1260.0,446,2,2454,2025-06-13
2025-06-13 10:36:13.016672,1255.0,1,1255.0,490,1260.0,446,2,2454,2025-06-13
2025-06-13 10:36:15.967283,1255.0,1,1255.0,489,1260.0,446,2,2454,2025-06-13
2025-06-13 10:36:15.969245,1255.0,65,1255.0,424,1260.0,446,2,2454,2025-06-13
2025-06-13 10:36:15.996778,1255.0,6,1255.0,418,1260.0,447,2,2454,2025-06-13
2025-06-13 10:36:15.997359,1255.0,8,1255.0,410,1260.0,449,2,2454,2025-06-13
2025-06-13 10:36:16.026995,1255.0,2,1255.0,408,1260.0,455,2,2454,2025-06-13
2025-06-13 10:36:16.070239,1255.0,1,1255.0,407,1260.0,451,2,2454,2025-06-13
2025-06-13 10:36:26.102432,1255.0,1,1255.0,404,1260.0,446,2,2454,2025-06-13
2025-06-13 10:36:26.310086,1255.0,1,1255.0,403,1260.0,446,2,2454,2025-06-13
2025-06-13 10:36:33.914050,1255.0,1,1255.0,403,1260.0,449,2,2454,2025-06-13
2025-06-13 10:36:41.805937,1255.0,3,1255.0,401,1260.0,464,2,2454,2025-06-13
2025-06-13 10:36:42.842049,1260.0,1,1255.0,403,1260.0,463,1,2454,2025-06-13
2025-06-13 10:37:05.955613,1255.0,13,1255.0,392,1260.0,458,2,2454,2025-06-13
2025-06-13 10:37:24.931982,1255.0,5,1255.0,391,1260.0,482,2,2454,2025-06-13
2025-06-13 10:37:46.683089,1255.0,1,1255.0,391,1260.0,484,2,2454,2025-06-13
2025-06-13 10:37:52.116946,1255.0,1,1255.0,390,1260.0,485,2,2454,2025-06-13
2025-06-13 10:37:53.214568,1255.0,10,1255.0,380,1260.0,485,2,2454,2025-06-13
2025-06-13 10:38:06.578520,1255.0,1,1255.0,380,1260.0,486,2,2454,2025-06-13
2025-06-13 10:38:10.959835,1260.0,1,1255.0,382,1260.0,487,1,2454,2025-06-13
2025-06-13 10:38:14.217669,1260.0,1,1255.0,383,1260.0,504,1,2454,2025-06-13
2025-06-13 10:38:15.918512,1260.0,1,1255.0,383,1260.0,503,1,2454,2025-06-13
2025-06-13 10:38:19.674582,1255.0,1,1255.0,385,1260.0,502,2,2454,2025-06-13
2025-06-13 10:38:27.362837,1255.0,2,1255.0,385,1260.0,500,2,2454,2025-06-13
2025-06-13 10:38:40.333646,1255.0,1,1255.0,384,1260.0,500,2,2454,2025-06-13
2025-06-13 10:38:44.633862,1255.0,7,1255.0,374,1260.0,503,2,2454,2025-06-13
2025-06-13 10:39:07.456702,1255.0,1,1255.0,380,1260.0,514,2,2454,2025-06-13
2025-06-13 10:39:17.240389,1255.0,2,1255.0,380,1260.0,512,2,2454,2025-06-13
2025-06-13 10:39:48.923161,1260.0,1,1255.0,387,1260.0,518,1,2454,2025-06-13
2025-06-13 10:39:50.866682,1255.0,1,1255.0,386,1260.0,518,2,2454,2025-06-13
2025-06-13 10:40:08.339512,1260.0,1,1255.0,388,1260.0,518,1,2454,2025-06-13
2025-06-13 10:40:11.601662,1260.0,1,1255.0,388,1260.0,517,1,2454,2025-06-13
2025-06-13 10:40:16.312732,1255.0,1,1255.0,387,1260.0,517,2,2454,2025-06-13
2025-06-13 10:40:19.299067,1255.0,1,1255.0,385,1260.0,516,2,2454,2025-06-13
2025-06-13 10:40:36.784268,1255.0,1,1255.0,387,1260.0,519,2,2454,2025-06-13
2025-06-13 10:40:53.585870,1260.0,1,1255.0,387,1260.0,520,1,2454,2025-06-13
2025-06-13 10:40:55.577242,1255.0,1,1255.0,386,1260.0,520,2,2454,2025-06-13
2025-06-13 10:40:58.574234,1260.0,1,1255.0,386,1260.0,519,1,2454,2025-06-13
2025-06-13 10:41:02.337607,1260.0,1,1255.0,386,1260.0,518,1,2454,2025-06-13
2025-06-13 10:41:20.624598,1260.0,1,1255.0,387,1260.0,498,1,2454,2025-06-13
2025-06-13 10:41:36.932340,1260.0,1,1255.0,390,1260.0,496,1,2454,2025-06-13
2025-06-13 10:42:00.046974,1260.0,2,1255.0,388,1260.0,493,1,2454,2025-06-13
2025-06-13 10:42:03.733563,1255.0,1,1255.0,388,1260.0,493,2,2454,2025-06-13
2025-06-13 10:42:06.305362,1255.0,1,1255.0,387,1260.0,493,2,2454,2025-06-13
2025-06-13 10:42:08.945363,1255.0,1,1255.0,386,1260.0,495,2,2454,2025-06-13
2025-06-13 10:42:30.820891,1255.0,6,1255.0,384,1260.0,500,2,2454,2025-06-13
2025-06-13 10:42:34.659357,1255.0,1,1255.0,375,1260.0,500,2,2454,2025-06-13
2025-06-13 10:42:40.441958,1255.0,1,1255.0,379,1260.0,501,2,2454,2025-06-13
2025-06-13 10:42:43.252213,1260.0,2,1255.0,379,1260.0,499,1,2454,2025-06-13
2025-06-13 10:42:46.482041,1260.0,2,1255.0,380,1260.0,497,1,2454,2025-06-13
2025-06-13 10:43:06.780766,1255.0,2,1255.0,379,1260.0,498,2,2454,2025-06-13
2025-06-13 10:43:07.322328,1255.0,2,1255.0,377,1260.0,500,2,2454,2025-06-13
2025-06-13 10:43:08.602139,1255.0,1,1255.0,376,1260.0,502,2,2454,2025-06-13
2025-06-13 10:43:09.939058,1255.0,2,1255.0,374,1260.0,502,2,2454,2025-06-13
2025-06-13 10:43:17.243164,1255.0,1,1255.0,373,1260.0,501,2,2454,2025-06-13
2025-06-13 10:43:21.662261,1255.0,2,1255.0,371,1260.0,501,2,2454,2025-06-13
2025-06-13 10:43:32.796502,1255.0,1,1255.0,371,1260.0,504,2,2454,2025-06-13
2025-06-13 10:43:33.325816,1255.0,1,1255.0,370,1260.0,504,2,2454,2025-06-13
2025-06-13 10:43:34.515257,1255.0,2,1255.0,367,1260.0,504,2,2454,2025-06-13
2025-06-13 10:43:49.918348,1260.0,1,1255.0,366,1260.0,503,1,2454,2025-06-13
2025-06-13 10:43:57.495098,1260.0,1,1255.0,370,1260.0,507,1,2454,2025-06-13
2025-06-13 10:43:59.811823,1255.0,1,1255.0,370,1260.0,508,2,2454,2025-06-13
2025-06-13 10:44:00.564731,1255.0,1,1255.0,364,1260.0,513,2,2454,2025-06-13
2025-06-13 10:44:01.068194,1255.0,2,1255.0,362,1260.0,513,2,2454,2025-06-13
2025-06-13 10:44:02.151218,1255.0,1,1255.0,361,1260.0,520,2,2454,2025-06-13
2025-06-13 10:44:02.679905,1255.0,2,1255.0,359,1260.0,519,2,2454,2025-06-13
2025-06-13 10:44:02.687060,1255.0,1,1255.0,361,1260.0,519,2,2454,2025-06-13
2025-06-13 10:44:02.900653,1255.0,48,1255.0,310,1260.0,519,2,2454,2025-06-13
2025-06-13 10:44:02.962134,1255.0,43,1255.0,267,1260.0,519,2,2454,2025-06-13
2025-06-13 10:44:02.977158,1255.0,23,1255.0,244,1260.0,525,2,2454,2025-06-13
2025-06-13 10:44:03.038498,1255.0,1,1255.0,243,1260.0,525,2,2454,2025-06-13
2025-06-13 10:44:03.046742,1255.0,22,1255.0,243,1260.0,525,2,2454,2025-06-13
2025-06-13 10:44:03.186075,1255.0,8,1255.0,213,1260.0,525,2,2454,2025-06-13
2025-06-13 10:44:03.252310,1255.0,5,1255.0,208,1260.0,520,2,2454,2025-06-13
2025-06-13 10:44:03.342369,1255.0,10,1255.0,197,1260.0,520,2,2454,2025-06-13
2025-06-13 10:44:03.381704,1255.0,22,1255.0,175,1260.0,520,2,2454,2025-06-13
2025-06-13 10:44:03.997245,1255.0,1,1255.0,169,1260.0,520,2,2454,2025-06-13
2025-06-13 10:44:04.428450,1255.0,8,1255.0,162,1260.0,512,2,2454,2025-06-13
2025-06-13 10:44:04.450890,1255.0,23,1255.0,170,1260.0,512,2,2454,2025-06-13
2025-06-13 10:44:05.981343,1255.0,5,1255.0,134,1260.0,510,2,2454,2025-06-13
2025-06-13 10:44:06.007667,1255.0,1,1255.0,134,1260.0,510,2,2454,2025-06-13
2025-06-13 10:44:08.438350,1255.0,3,1255.0,130,1260.0,507,2,2454,2025-06-13
2025-06-13 10:44:08.465508,1255.0,1,1255.0,129,1260.0,507,2,2454,2025-06-13
2025-06-13 10:44:11.566945,1255.0,1,1255.0,128,1260.0,506,2,2454,2025-06-13
2025-06-13 10:44:15.239272,1255.0,5,1255.0,123,1260.0,511,2,2454,2025-06-13
2025-06-13 10:44:16.433378,1255.0,15,1255.0,110,1260.0,511,2,2454,2025-06-13
2025-06-13 10:44:19.960321,1255.0,1,1255.0,109,1260.0,511,2,2454,2025-06-13
2025-06-13 10:44:20.258334,1255.0,1,1255.0,108,1260.0,511,2,2454,2025-06-13
2025-06-13 10:44:23.405831,1255.0,2,1255.0,106,1260.0,511,2,2454,2025-06-13
2025-06-13 10:44:23.849919,1255.0,5,1255.0,101,1260.0,513,2,2454,2025-06-13
2025-06-13 10:44:24.420027,1255.0,1,1255.0,100,1260.0,513,2,2454,2025-06-13
2025-06-13 10:44:26.012789,1255.0,9,1255.0,91,1260.0,513,2,2454,2025-06-13
2025-06-13 10:44:26.146703,1255.0,1,1255.0,90,1260.0,513,2,2454,2025-06-13
2025-06-13 10:44:26.833148,1255.0,10,1255.0,80,1260.0,514,2,2454,2025-06-13
2025-06-13 10:44:28.977460,1255.0,10,1255.0,70,1260.0,514,2,2454,2025-06-13
2025-06-13 10:44:29.223588,1255.0,2,1255.0,67,1260.0,517,2,2454,2025-06-13
2025-06-13 10:44:30.208988,1255.0,1,1255.0,72,1260.0,514,2,2454,2025-06-13
2025-06-13 10:44:30.477612,1255.0,1,1255.0,71,1260.0,514,2,2454,2025-06-13
2025-06-13 10:44:31.470035,1255.0,1,1255.0,70,1260.0,513,2,2454,2025-06-13
2025-06-13 10:44:32.481278,1255.0,1,1255.0,71,1260.0,513,2,2454,2025-06-13
2025-06-13 10:44:32.974094,1255.0,1,1255.0,71,1260.0,514,2,2454,2025-06-13
2025-06-13 10:44:33.488221,1255.0,69,1250.0,946,1255.0,31,2,2454,2025-06-13
2025-06-13 10:44:33.515671,1255.0,23,1250.0,946,1255.0,17,1,2454,2025-06-13
2025-06-13 10:44:33.536095,1250.0,3,1250.0,933,1255.0,19,2,2454,2025-06-13
2025-06-13 10:44:33.544938,1255.0,3,1250.0,933,1255.0,16,1,2454,2025-06-13
2025-06-13 10:44:33.582990,1255.0,3,1250.0,949,1255.0,22,1,2454,2025-06-13
2025-06-13 10:44:33.704462,1255.0,2,1250.0,934,1255.0,142,1,2454,2025-06-13
2025-06-13 10:44:48.692538,1255.0,1,1250.0,936,1255.0,293,1,2454,2025-06-13
2025-06-13 10:44:53.386612,1250.0,1,1250.0,935,1255.0,295,2,2454,2025-06-13
2025-06-13 10:44:57.934938,1255.0,1,1250.0,939,1255.0,304,1,2454,2025-06-13
2025-06-13 10:44:59.814030,1250.0,1,1250.0,938,1255.0,324,2,2454,2025-06-13
2025-06-13 10:45:26.501875,1250.0,1,1250.0,942,1255.0,413,2,2454,2025-06-13
2025-06-13 10:45:33.330967,1250.0,11,1250.0,932,1255.0,415,2,2454,2025-06-13
2025-06-13 10:45:43.226595,1250.0,1,1250.0,931,1255.0,415,2,2454,2025-06-13
2025-06-13 10:45:46.873211,1255.0,1,1250.0,929,1255.0,414,1,2454,2025-06-13
2025-06-13 10:45:49.914789,1250.0,2,1250.0,941,1255.0,413,2,2454,2025-06-13
2025-06-13 10:45:53.010017,1250.0,1,1250.0,940,1255.0,413,2,2454,2025-06-13
2025-06-13 10:46:13.299125,1250.0,1,1250.0,941,1255.0,415,2,2454,2025-06-13
2025-06-13 10:46:22.705128,1250.0,1,1250.0,929,1255.0,417,2,2454,2025-06-13
2025-06-13 10:46:23.694187,1250.0,1,1250.0,928,1255.0,417,2,2454,2025-06-13
2025-06-13 10:46:38.151688,1255.0,1,1250.0,925,1255.0,418,1,2454,2025-06-13
2025-06-13 10:46:43.862154,1255.0,1,1250.0,924,1255.0,417,1,2454,2025-06-13
2025-06-13 10:46:53.797562,1250.0,1,1250.0,925,1255.0,417,2,2454,2025-06-13
2025-06-13 10:47:12.860731,1250.0,1,1250.0,926,1255.0,417,2,2454,2025-06-13
2025-06-13 10:47:20.124487,1250.0,1,1250.0,924,1255.0,414,2,2454,2025-06-13
2025-06-13 10:47:23.815865,1255.0,2,1250.0,923,1255.0,413,1,2454,2025-06-13
2025-06-13 10:47:44.572835,1250.0,1,1250.0,924,1255.0,416,2,2454,2025-06-13
2025-06-13 10:47:50.443770,1250.0,1,1250.0,923,1255.0,416,2,2454,2025-06-13
2025-06-13 10:48:16.767763,1250.0,1,1250.0,921,1255.0,417,2,2454,2025-06-13
2025-06-13 10:48:18.970109,1255.0,1,1250.0,920,1255.0,417,1,2454,2025-06-13
2025-06-13 10:48:31.944506,1255.0,1,1250.0,925,1255.0,416,1,2454,2025-06-13
2025-06-13 10:48:38.533783,1250.0,20,1250.0,911,1255.0,416,2,2454,2025-06-13
2025-06-13 10:48:39.401539,1255.0,2,1250.0,909,1255.0,415,1,2454,2025-06-13
2025-06-13 10:48:50.481847,1250.0,2,1250.0,909,1255.0,416,2,2454,2025-06-13
2025-06-13 10:49:25.140015,1250.0,1,1250.0,920,1255.0,417,2,2454,2025-06-13
2025-06-13 10:49:25.342807,1255.0,1,1250.0,920,1255.0,416,1,2454,2025-06-13
2025-06-13 10:49:30.961934,1250.0,1,1250.0,920,1255.0,415,2,2454,2025-06-13
2025-06-13 10:49:40.737050,1255.0,2,1250.0,922,1255.0,413,1,2454,2025-06-13
2025-06-13 10:49:46.658454,1250.0,1,1250.0,926,1255.0,413,2,2454,2025-06-13
2025-06-13 10:49:52.909955,1250.0,1,1250.0,931,1255.0,414,2,2454,2025-06-13
2025-06-13 10:49:55.761127,1250.0,1,1250.0,932,1255.0,415,2,2454,2025-06-13
2025-06-13 10:50:07.924271,1250.0,1,1250.0,937,1255.0,417,2,2454,2025-06-13
2025-06-13 10:50:25.148343,1250.0,1,1250.0,940,1255.0,417,2,2454,2025-06-13
2025-06-13 10:50:25.630783,1250.0,1,1250.0,939,1255.0,417,2,2454,2025-06-13
2025-06-13 10:50:35.291431,1250.0,1,1250.0,936,1255.0,416,2,2454,2025-06-13
2025-06-13 10:50:43.086369,1250.0,1,1250.0,934,1255.0,415,2,2454,2025-06-13
2025-06-13 10:50:52.397938,1255.0,2,1250.0,928,1255.0,415,1,2454,2025-06-13
2025-06-13 10:50:56.284378,1250.0,1,1250.0,928,1255.0,415,2,2454,2025-06-13
2025-06-13 10:51:06.820316,1255.0,1,1250.0,913,1255.0,431,1,2454,2025-06-13
2025-06-13 10:51:21.508725,1255.0,1,1250.0,926,1255.0,432,1,2454,2025-06-13
2025-06-13 10:51:21.849866,1250.0,1,1250.0,925,1255.0,431,2,2454,2025-06-13
2025-06-13 10:51:37.671628,1255.0,2,1250.0,925,1255.0,429,1,2454,2025-06-13
2025-06-13 10:51:39.927879,1255.0,1,1250.0,925,1255.0,428,1,2454,2025-06-13
2025-06-13 10:51:52.515082,1250.0,1,1250.0,925,1255.0,429,2,2454,2025-06-13
2025-06-13 10:51:53.689374,1250.0,1,1250.0,924,1255.0,429,2,2454,2025-06-13
2025-06-13 10:52:08.067673,1250.0,10,1250.0,919,1255.0,429,2,2454,2025-06-13
2025-06-13 10:52:13.620325,1255.0,1,1250.0,921,1255.0,423,1,2454,2025-06-13
2025-06-13 10:52:18.295970,1250.0,1,1250.0,918,1255.0,423,2,2454,2025-06-13
2025-06-13 10:52:22.725743,1250.0,1,1250.0,917,1255.0,423,2,2454,2025-06-13
2025-06-13 10:52:55.148021,1250.0,1,1250.0,925,1255.0,426,2,2454,2025-06-13
2025-06-13 10:52:56.343277,1250.0,2,1250.0,923,1255.0,426,2,2454,2025-06-13
2025-06-13 10:53:05.378786,1250.0,4,1250.0,929,1255.0,426,2,2454,2025-06-13
2025-06-13 10:53:19.521001,1250.0,1,1250.0,916,1255.0,426,2,2454,2025-06-13
2025-06-13 10:53:27.772174,1250.0,4,1250.0,915,1255.0,426,2,2454,2025-06-13
2025-06-13 10:53:52.885902,1250.0,1,1250.0,907,1255.0,426,2,2454,2025-06-13
2025-06-13 10:53:53.294727,1250.0,1,1250.0,906,1255.0,426,2,2454,2025-06-13
2025-06-13 10:53:55.635481,1250.0,1,1250.0,905,1255.0,426,2,2454,2025-06-13
2025-06-13 10:53:57.861814,1250.0,1,1250.0,904,1255.0,421,2,2454,2025-06-13
2025-06-13 10:54:15.743634,1250.0,1,1250.0,901,1255.0,420,2,2454,2025-06-13
2025-06-13 10:54:22.933369,1250.0,1,1250.0,902,1255.0,418,2,2454,2025-06-13
2025-06-13 10:54:24.878296,1250.0,1,1250.0,900,1255.0,418,2,2454,2025-06-13
2025-06-13 10:54:51.196008,1250.0,1,1250.0,904,1255.0,421,2,2454,2025-06-13
2025-06-13 10:54:54.754220,1250.0,1,1250.0,900,1255.0,421,2,2454,2025-06-13
2025-06-13 10:54:59.558387,1250.0,1,1250.0,902,1255.0,421,2,2454,2025-06-13
2025-06-13 10:55:00.789500,1250.0,1,1250.0,901,1255.0,421,2,2454,2025-06-13
2025-06-13 10:55:00.924320,1255.0,1,1250.0,901,1255.0,420,1,2454,2025-06-13
2025-06-13 10:55:01.833502,1255.0,1,1250.0,903,1255.0,419,1,2454,2025-06-13
2025-06-13 10:55:03.259479,1250.0,1,1250.0,902,1255.0,419,2,2454,2025-06-13
2025-06-13 10:55:10.283348,1250.0,15,1250.0,885,1255.0,419,2,2454,2025-06-13
2025-06-13 10:55:18.942067,1250.0,1,1250.0,881,1255.0,419,2,2454,2025-06-13
2025-06-13 10:55:44.049384,1250.0,1,1250.0,901,1255.0,418,2,2454,2025-06-13
2025-06-13 10:55:47.099465,1250.0,1,1250.0,900,1255.0,421,2,2454,2025-06-13
2025-06-13 10:55:52.121079,1250.0,1,1250.0,892,1255.0,421,2,2454,2025-06-13
2025-06-13 10:55:54.942645,1250.0,1,1250.0,891,1255.0,421,2,2454,2025-06-13
2025-06-13 10:56:08.753324,1250.0,1,1250.0,900,1255.0,422,2,2454,2025-06-13
2025-06-13 10:56:08.768643,1250.0,12,1250.0,888,1255.0,422,2,2454,2025-06-13
2025-06-13 10:56:09.442860,1250.0,1,1250.0,887,1255.0,421,2,2454,2025-06-13
2025-06-13 10:56:15.606178,1250.0,1,1250.0,890,1255.0,421,2,2454,2025-06-13
2025-06-13 10:56:25.304820,1255.0,25,1250.0,885,1255.0,396,1,2454,2025-06-13
2025-06-13 10:56:25.401743,1255.0,7,1250.0,888,1255.0,389,1,2454,2025-06-13
2025-06-13 10:56:25.431059,1255.0,1,1250.0,901,1255.0,387,1,2454,2025-06-13
2025-06-13 10:56:35.190463,1250.0,1,1250.0,907,1255.0,382,2,2454,2025-06-13
2025-06-13 10:56:45.685293,1255.0,5,1250.0,934,1255.0,378,1,2454,2025-06-13
2025-06-13 10:56:51.548413,1255.0,18,1250.0,933,1255.0,360,1,2454,2025-06-13
2025-06-13 10:56:51.801379,1255.0,2,1250.0,959,1255.0,358,1,2454,2025-06-13
2025-06-13 10:56:51.922099,1255.0,1,1250.0,959,1255.0,357,1,2454,2025-06-13
2025-06-13 10:56:51.943230,1255.0,1,1250.0,935,1255.0,356,1,2454,2025-06-13
2025-06-13 10:56:52.350504,1255.0,10,1250.0,936,1255.0,340,1,2454,2025-06-13
2025-06-13 10:56:52.414628,1255.0,2,1250.0,937,1255.0,330,1,2454,2025-06-13
2025-06-13 10:56:52.490971,1250.0,1,1250.0,936,1255.0,328,2,2454,2025-06-13
2025-06-13 10:56:56.879141,1255.0,1,1250.0,936,1255.0,324,1,2454,2025-06-13
2025-06-13 10:57:05.742002,1250.0,1,1250.0,933,1255.0,326,2,2454,2025-06-13
2025-06-13 10:57:06.482066,1255.0,1,1250.0,933,1255.0,325,1,2454,2025-06-13
2025-06-13 10:57:07.323036,1255.0,2,1250.0,933,1255.0,323,1,2454,2025-06-13
2025-06-13 10:57:16.666468,1255.0,41,1250.0,934,1255.0,291,1,2454,2025-06-13
2025-06-13 10:57:16.803687,1255.0,2,1250.0,941,1255.0,291,1,2454,2025-06-13
2025-06-13 10:57:20.328498,1255.0,1,1250.0,947,1255.0,282,1,2454,2025-06-13
2025-06-13 10:57:20.652002,1255.0,2,1250.0,965,1255.0,268,1,2454,2025-06-13
2025-06-13 10:57:20.785579,1255.0,2,1250.0,967,1255.0,266,1,2454,2025-06-13
2025-06-13 10:57:20.915064,1255.0,2,1250.0,968,1255.0,262,1,2454,2025-06-13
2025-06-13 10:57:22.402642,1255.0,1,1250.0,942,1255.0,259,1,2454,2025-06-13
2025-06-13 10:57:24.710647,1255.0,10,1250.0,943,1255.0,248,1,2454,2025-06-13
2025-06-13 10:57:24.793060,1255.0,1,1250.0,943,1255.0,247,1,2454,2025-06-13
2025-06-13 10:57:29.097453,1255.0,2,1250.0,932,1255.0,245,1,2454,2025-06-13
2025-06-13 10:57:33.368216,1250.0,1,1250.0,933,1255.0,245,2,2454,2025-06-13
2025-06-13 10:57:34.878093,1250.0,1,1250.0,932,1255.0,248,2,2454,2025-06-13
2025-06-13 10:57:37.290753,1255.0,1,1250.0,932,1255.0,247,1,2454,2025-06-13
2025-06-13 10:57:46.889511,1255.0,1,1250.0,929,1255.0,249,1,2454,2025-06-13
2025-06-13 10:57:47.979224,1255.0,1,1250.0,928,1255.0,248,1,2454,2025-06-13
2025-06-13 10:57:50.089581,1255.0,1,1250.0,930,1255.0,247,1,2454,2025-06-13
2025-06-13 10:57:54.143502,1255.0,1,1250.0,931,1255.0,246,1,2454,2025-06-13
2025-06-13 10:57:54.165073,1255.0,1,1250.0,931,1255.0,245,1,2454,2025-06-13
2025-06-13 10:57:55.901653,1255.0,2,1250.0,929,1255.0,239,1,2454,2025-06-13
2025-06-13 10:57:58.022109,1255.0,1,1250.0,929,1255.0,238,1,2454,2025-06-13
2025-06-13 10:57:59.746909,1255.0,2,1250.0,929,1255.0,236,1,2454,2025-06-13
2025-06-13 10:58:00.505083,1250.0,1,1250.0,928,1255.0,236,2,2454,2025-06-13
2025-06-13 10:58:12.779273,1250.0,1,1250.0,929,1255.0,240,2,2454,2025-06-13
2025-06-13 10:58:21.929852,1255.0,1,1250.0,933,1255.0,239,1,2454,2025-06-13
2025-06-13 10:58:25.859747,1255.0,1,1250.0,935,1255.0,238,1,2454,2025-06-13
2025-06-13 10:58:30.540476,1255.0,1,1250.0,936,1255.0,237,1,2454,2025-06-13
2025-06-13 10:58:35.254235,1250.0,1,1250.0,935,1255.0,235,2,2454,2025-06-13
2025-06-13 10:58:35.665157,1250.0,6,1250.0,929,1255.0,220,2,2454,2025-06-13
2025-06-13 10:58:58.851301,1250.0,17,1250.0,909,1255.0,228,2,2454,2025-06-13
2025-06-13 10:59:05.564905,1250.0,1,1250.0,908,1255.0,228,2,2454,2025-06-13
2025-06-13 10:59:09.587803,1250.0,1,1250.0,909,1255.0,228,2,2454,2025-06-13
2025-06-13 10:59:18.703320,1255.0,1,1250.0,908,1255.0,228,1,2454,2025-06-13
2025-06-13 10:59:39.070125,1255.0,1,1250.0,913,1255.0,227,1,2454,2025-06-13
2025-06-13 10:59:39.196317,1250.0,1,1250.0,912,1255.0,227,2,2454,2025-06-13
2025-06-13 10:59:49.540245,1255.0,1,1250.0,913,1255.0,226,1,2454,2025-06-13
2025-06-13 11:00:10.983855,1250.0,1,1250.0,915,1255.0,227,2,2454,2025-06-13
2025-06-13 11:00:12.144375,1255.0,2,1250.0,915,1255.0,225,1,2454,2025-06-13
2025-06-13 11:00:19.041615,1255.0,3,1250.0,914,1255.0,221,1,2454,2025-06-13
2025-06-13 11:00:25.505621,1250.0,1,1250.0,914,1255.0,221,2,2454,2025-06-13
2025-06-13 11:00:34.567133,1255.0,1,1250.0,914,1255.0,222,1,2454,2025-06-13
2025-06-13 11:00:36.467931,1250.0,1,1250.0,911,1255.0,222,2,2454,2025-06-13
2025-06-13 11:00:38.317693,1255.0,1,1250.0,911,1255.0,221,1,2454,2025-06-13
2025-06-13 11:00:40.471755,1255.0,10,1250.0,910,1255.0,211,1,2454,2025-06-13
2025-06-13 11:00:54.882334,1255.0,1,1250.0,910,1255.0,211,1,2454,2025-06-13
2025-06-13 11:01:07.716407,1250.0,1,1250.0,922,1255.0,212,2,2454,2025-06-13
2025-06-13 11:01:28.549071,1250.0,5,1250.0,919,1255.0,213,2,2454,2025-06-13
2025-06-13 11:01:30.408527,1255.0,1,1250.0,919,1255.0,212,1,2454,2025-06-13
2025-06-13 11:01:35.220974,1250.0,1,1250.0,918,1255.0,231,2,2454,2025-06-13
2025-06-13 11:01:42.947701,1255.0,1,1250.0,917,1255.0,284,1,2454,2025-06-13
2025-06-13 11:01:49.534963,1255.0,1,1250.0,917,1255.0,283,1,2454,2025-06-13
2025-06-13 11:01:58.712298,1250.0,10,1250.0,910,1255.0,284,2,2454,2025-06-13
2025-06-13 11:01:59.564630,1255.0,1,1250.0,911,1255.0,283,1,2454,2025-06-13
2025-06-13 11:02:00.730372,1250.0,4,1250.0,907,1255.0,283,2,2454,2025-06-13
2025-06-13 11:02:01.506388,1250.0,1,1250.0,906,1255.0,283,2,2454,2025-06-13
2025-06-13 11:02:07.082771,1255.0,7,1250.0,918,1255.0,205,1,2454,2025-06-13
2025-06-13 11:02:07.112048,1255.0,1,1250.0,918,1255.0,204,1,2454,2025-06-13
2025-06-13 11:02:08.180320,1250.0,1,1250.0,917,1255.0,204,2,2454,2025-06-13
2025-06-13 11:02:31.270969,1255.0,1,1250.0,926,1255.0,271,1,2454,2025-06-13
2025-06-13 11:02:36.167169,1255.0,1,1250.0,927,1255.0,270,1,2454,2025-06-13
2025-06-13 11:02:41.998272,1250.0,1,1250.0,924,1255.0,270,2,2454,2025-06-13
2025-06-13 11:02:44.948778,1250.0,1,1250.0,921,1255.0,270,2,2454,2025-06-13
2025-06-13 11:02:51.224410,1255.0,2,1250.0,920,1255.0,271,1,2454,2025-06-13
2025-06-13 11:02:51.412364,1250.0,1,1250.0,919,1255.0,271,2,2454,2025-06-13
2025-06-13 11:02:52.238840,1250.0,16,1250.0,903,1255.0,220,2,2454,2025-06-13
2025-06-13 11:02:53.757414,1250.0,1,1250.0,902,1255.0,256,2,2454,2025-06-13
2025-06-13 11:02:59.103036,1250.0,1,1250.0,902,1255.0,256,2,2454,2025-06-13
2025-06-13 11:03:25.583504,1255.0,1,1250.0,908,1255.0,256,1,2454,2025-06-13
2025-06-13 11:03:30.104722,1255.0,2,1250.0,908,1255.0,255,1,2454,2025-06-13
2025-06-13 11:03:31.270010,1250.0,1,1250.0,907,1255.0,255,2,2454,2025-06-13
2025-06-13 11:03:41.936132,1250.0,1,1250.0,895,1255.0,256,2,2454,2025-06-13
2025-06-13 11:03:53.770727,1250.0,1,1250.0,897,1255.0,258,2,2454,2025-06-13
2025-06-13 11:03:58.501495,1250.0,1,1250.0,896,1255.0,258,2,2454,2025-06-13
2025-06-13 11:04:18.037084,1255.0,5,1250.0,895,1255.0,253,1,2454,2025-06-13
2025-06-13 11:04:18.512163,1255.0,30,1250.0,895,1255.0,223,1,2454,2025-06-13
2025-06-13 11:04:23.172586,1250.0,1,1250.0,897,1255.0,224,2,2454,2025-06-13
2025-06-13 11:04:25.061331,1250.0,1,1250.0,897,1255.0,224,2,2454,2025-06-13
2025-06-13 11:04:26.979699,1255.0,3,1250.0,898,1255.0,221,1,2454,2025-06-13
2025-06-13 11:04:28.801290,1255.0,2,1250.0,900,1255.0,219,1,2454,2025-06-13
2025-06-13 11:04:29.915737,1255.0,1,1250.0,900,1255.0,218,1,2454,2025-06-13
2025-06-13 11:04:35.396920,1255.0,1,1250.0,901,1255.0,218,1,2454,2025-06-13
2025-06-13 11:04:39.895157,1250.0,1,1250.0,902,1255.0,219,2,2454,2025-06-13
2025-06-13 11:04:47.163406,1255.0,1,1250.0,901,1255.0,217,1,2454,2025-06-13
2025-06-13 11:04:52.554135,1250.0,5,1250.0,900,1255.0,217,2,2454,2025-06-13
2025-06-13 11:04:57.341326,1250.0,1,1250.0,898,1255.0,218,2,2454,2025-06-13
2025-06-13 11:05:03.937458,1255.0,1,1250.0,897,1255.0,217,1,2454,2025-06-13
2025-06-13 11:05:18.836684,1250.0,1,1250.0,899,1255.0,223,2,2454,2025-06-13
2025-06-13 11:05:21.719062,1250.0,1,1250.0,899,1255.0,223,2,2454,2025-06-13
2025-06-13 11:05:28.858288,1255.0,2,1250.0,899,1255.0,221,1,2454,2025-06-13
2025-06-13 11:05:44.486396,1250.0,1,1250.0,903,1255.0,222,2,2454,2025-06-13
2025-06-13 11:05:45.034104,1255.0,1,1250.0,903,1255.0,221,1,2454,2025-06-13
2025-06-13 11:06:00.035536,1255.0,2,1250.0,898,1255.0,219,1,2454,2025-06-13
2025-06-13 11:06:04.438222,1250.0,1,1250.0,899,1255.0,219,2,2454,2025-06-13
2025-06-13 11:06:06.262935,1255.0,25,1250.0,874,1255.0,194,1,2454,2025-06-13
2025-06-13 11:06:09.987990,1255.0,1,1250.0,876,1255.0,193,1,2454,2025-06-13
2025-06-13 11:06:13.816631,1255.0,1,1250.0,877,1255.0,193,1,2454,2025-06-13
2025-06-13 11:06:16.371537,1255.0,1,1250.0,878,1255.0,192,1,2454,2025-06-13
2025-06-13 11:06:18.071911,1255.0,3,1250.0,878,1255.0,189,1,2454,2025-06-13
2025-06-13 11:06:19.196537,1255.0,1,1250.0,879,1255.0,190,1,2454,2025-06-13
2025-06-13 11:06:25.056263,1255.0,1,1250.0,877,1255.0,189,1,2454,2025-06-13
2025-06-13 11:06:31.053224,1255.0,2,1250.0,879,1255.0,187,1,2454,2025-06-13
2025-06-13 11:06:39.189883,1255.0,1,1250.0,883,1255.0,182,1,2454,2025-06-13
2025-06-13 11:06:43.595474,1255.0,3,1250.0,886,1255.0,153,1,2454,2025-06-13
2025-06-13 11:06:44.367165,1255.0,1,1250.0,888,1255.0,151,1,2454,2025-06-13
2025-06-13 11:06:45.469128,1250.0,13,1250.0,875,1255.0,151,2,2454,2025-06-13
2025-06-13 11:06:48.864294,1250.0,7,1250.0,868,1255.0,151,2,2454,2025-06-13
2025-06-13 11:06:49.245228,1255.0,1,1250.0,868,1255.0,150,1,2454,2025-06-13
2025-06-13 11:06:50.889632,1250.0,3,1250.0,864,1255.0,150,2,2454,2025-06-13
2025-06-13 11:06:59.005188,1255.0,1,1250.0,866,1255.0,154,1,2454,2025-06-13
2025-06-13 11:07:02.951699,1255.0,1,1250.0,866,1255.0,153,1,2454,2025-06-13
2025-06-13 11:07:04.553499,1255.0,1,1250.0,866,1255.0,153,1,2454,2025-06-13
2025-06-13 11:07:31.429248,1250.0,1,1250.0,863,1255.0,162,2,2454,2025-06-13
2025-06-13 11:07:32.866054,1255.0,1,1250.0,863,1255.0,161,1,2454,2025-06-13
2025-06-13 11:07:37.985934,1255.0,1,1250.0,864,1255.0,160,1,2454,2025-06-13
2025-06-13 11:07:51.923367,1255.0,5,1250.0,865,1255.0,155,1,2454,2025-06-13
2025-06-13 11:08:02.458697,1255.0,1,1250.0,864,1255.0,155,1,2454,2025-06-13
2025-06-13 11:08:06.430052,1255.0,1,1250.0,864,1255.0,150,1,2454,2025-06-13
2025-06-13 11:08:08.212220,1255.0,1,1250.0,863,1255.0,149,1,2454,2025-06-13
2025-06-13 11:08:19.304292,1255.0,2,1250.0,868,1255.0,126,1,2454,2025-06-13
2025-06-13 11:08:20.040311,1255.0,2,1250.0,868,1255.0,124,1,2454,2025-06-13
2025-06-13 11:08:21.152913,1250.0,1,1250.0,868,1255.0,124,2,2454,2025-06-13
2025-06-13 11:08:24.931988,1255.0,1,1250.0,868,1255.0,123,1,2454,2025-06-13
2025-06-13 11:08:29.867581,1250.0,10,1250.0,859,1255.0,123,2,2454,2025-06-13
2025-06-13 11:08:30.033555,1250.0,1,1250.0,858,1255.0,123,2,2454,2025-06-13
2025-06-13 11:08:31.100766,1250.0,1,1250.0,857,1255.0,123,2,2454,2025-06-13
2025-06-13 11:08:34.472628,1255.0,2,1250.0,855,1255.0,123,1,2454,2025-06-13
2025-06-13 11:08:35.903018,1255.0,2,1250.0,855,1255.0,121,1,2454,2025-06-13
2025-06-13 11:09:02.104848,1255.0,1,1250.0,855,1255.0,121,1,2454,2025-06-13
2025-06-13 11:09:07.350917,1255.0,1,1250.0,855,1255.0,121,1,2454,2025-06-13
2025-06-13 11:09:09.920661,1250.0,1,1250.0,854,1255.0,121,2,2454,2025-06-13
2025-06-13 11:09:12.694971,1255.0,1,1250.0,853,1255.0,120,1,2454,2025-06-13
2025-06-13 11:09:35.409798,1255.0,1,1250.0,861,1255.0,123,1,2454,2025-06-13
2025-06-13 11:10:10.009922,1255.0,1,1250.0,860,1255.0,122,1,2454,2025-06-13
2025-06-13 11:10:13.171984,1255.0,1,1250.0,859,1255.0,140,1,2454,2025-06-13
2025-06-13 11:10:20.321630,1255.0,1,1250.0,859,1255.0,139,1,2454,2025-06-13
2025-06-13 11:10:22.097622,1255.0,3,1250.0,856,1255.0,136,1,2454,2025-06-13
2025-06-13 11:10:24.555292,1250.0,1,1250.0,856,1255.0,136,2,2454,2025-06-13
2025-06-13 11:10:58.596629,1255.0,1,1250.0,861,1255.0,150,1,2454,2025-06-13
2025-06-13 11:11:04.322060,1250.0,1,1250.0,859,1255.0,150,2,2454,2025-06-13
2025-06-13 11:11:11.683204,1255.0,2,1250.0,859,1255.0,148,1,2454,2025-06-13
2025-06-13 11:11:26.728246,1255.0,3,1250.0,859,1255.0,148,1,2454,2025-06-13
2025-06-13 11:11:27.778985,1250.0,1,1250.0,858,1255.0,148,2,2454,2025-06-13
2025-06-13 11:11:35.959238,1255.0,2,1250.0,859,1255.0,145,1,2454,2025-06-13
2025-06-13 11:11:39.047235,1255.0,1,1250.0,861,1255.0,144,1,2454,2025-06-13
2025-06-13 11:11:45.938667,1255.0,1,1250.0,861,1255.0,143,1,2454,2025-06-13
2025-06-13 11:11:49.212635,1255.0,2,1250.0,861,1255.0,141,1,2454,2025-06-13
2025-06-13 11:11:50.333896,1255.0,1,1250.0,861,1255.0,139,1,2454,2025-06-13
2025-06-13 11:12:00.046606,1255.0,2,1250.0,862,1255.0,135,1,2454,2025-06-13
2025-06-13 11:12:00.858987,1250.0,1,1250.0,861,1255.0,135,2,2454,2025-06-13
2025-06-13 11:12:01.518079,1255.0,3,1250.0,868,1255.0,132,1,2454,2025-06-13
2025-06-13 11:12:29.699068,1255.0,1,1250.0,875,1255.0,178,1,2454,2025-06-13
2025-06-13 11:12:32.918158,1255.0,2,1250.0,876,1255.0,158,1,2454,2025-06-13
2025-06-13 11:12:45.745283,1255.0,1,1250.0,875,1255.0,158,1,2454,2025-06-13
2025-06-13 11:12:50.773335,1255.0,1,1250.0,875,1255.0,157,1,2454,2025-06-13
2025-06-13 11:13:10.764395,1255.0,1,1250.0,876,1255.0,158,1,2454,2025-06-13
2025-06-13 11:13:12.084462,1255.0,1,1250.0,876,1255.0,157,1,2454,2025-06-13
2025-06-13 11:13:13.474080,1255.0,1,1250.0,876,1255.0,156,1,2454,2025-06-13
2025-06-13 11:13:22.716252,1255.0,1,1250.0,875,1255.0,156,1,2454,2025-06-13
2025-06-13 11:13:22.904857,1250.0,1,1250.0,874,1255.0,156,2,2454,2025-06-13
2025-06-13 11:13:29.121625,1250.0,20,1250.0,855,1255.0,178,2,2454,2025-06-13
2025-06-13 11:13:30.981169,1250.0,2,1250.0,849,1255.0,183,2,2454,2025-06-13
2025-06-13 11:13:33.734632,1250.0,1,1250.0,849,1255.0,183,2,2454,2025-06-13
2025-06-13 11:13:41.824084,1255.0,1,1250.0,847,1255.0,191,1,2454,2025-06-13
2025-06-13 11:13:43.243113,1250.0,1,1250.0,847,1255.0,191,2,2454,2025-06-13
2025-06-13 11:13:45.123232,1255.0,1,1250.0,848,1255.0,190,1,2454,2025-06-13
2025-06-13 11:14:08.741872,1255.0,2,1250.0,852,1255.0,191,1,2454,2025-06-13
2025-06-13 11:14:13.356974,1255.0,1,1250.0,871,1255.0,188,1,2454,2025-06-13
2025-06-13 11:14:22.542169,1255.0,1,1250.0,869,1255.0,187,1,2454,2025-06-13
2025-06-13 11:14:26.053815,1250.0,1,1250.0,869,1255.0,187,2,2454,2025-06-13
2025-06-13 11:14:37.573595,1255.0,1,1250.0,869,1255.0,185,1,2454,2025-06-13
2025-06-13 11:14:37.581202,1250.0,1,1250.0,868,1255.0,185,2,2454,2025-06-13
2025-06-13 11:15:06.952144,1255.0,1,1250.0,877,1255.0,226,1,2454,2025-06-13
2025-06-13 11:15:09.480636,1255.0,2,1250.0,879,1255.0,224,1,2454,2025-06-13
2025-06-13 11:15:33.522808,1255.0,7,1250.0,874,1255.0,218,1,2454,2025-06-13
2025-06-13 11:16:01.627568,1255.0,1,1250.0,875,1255.0,220,1,2454,2025-06-13
2025-06-13 11:16:19.807545,1250.0,1,1250.0,875,1255.0,222,2,2454,2025-06-13
2025-06-13 11:16:49.578275,1255.0,2,1250.0,879,1255.0,223,1,2454,2025-06-13
2025-06-13 11:17:01.607967,1250.0,1,1250.0,880,1255.0,223,2,2454,2025-06-13
2025-06-13 11:17:02.607113,1255.0,2,1250.0,880,1255.0,222,1,2454,2025-06-13
2025-06-13 11:17:10.654017,1255.0,1,1250.0,878,1255.0,221,1,2454,2025-06-13
2025-06-13 11:17:15.940508,1250.0,1,1250.0,876,1255.0,221,2,2454,2025-06-13
2025-06-13 11:17:25.781110,1255.0,1,1250.0,881,1255.0,220,1,2454,2025-06-13
2025-06-13 11:17:36.970017,1250.0,1,1250.0,880,1255.0,219,2,2454,2025-06-13
2025-06-13 11:17:43.892869,1255.0,1,1250.0,882,1255.0,218,1,2454,2025-06-13
2025-06-13 11:17:48.084774,1255.0,1,1250.0,882,1255.0,222,1,2454,2025-06-13
2025-06-13 11:18:10.496040,1250.0,1,1250.0,882,1255.0,223,2,2454,2025-06-13
2025-06-13 11:18:25.390787,1255.0,6,1250.0,890,1255.0,219,1,2454,2025-06-13
2025-06-13 11:18:25.420000,1255.0,1,1250.0,892,1255.0,218,1,2454,2025-06-13
2025-06-13 11:18:26.771894,1255.0,11,1250.0,892,1255.0,207,1,2454,2025-06-13
2025-06-13 11:18:27.943812,1255.0,1,1250.0,898,1255.0,207,1,2454,2025-06-13
2025-06-13 11:18:35.094731,1255.0,1,1250.0,893,1255.0,206,1,2454,2025-06-13
2025-06-13 11:18:39.971216,1250.0,1,1250.0,892,1255.0,177,2,2454,2025-06-13
2025-06-13 11:18:40.495282,1255.0,1,1250.0,892,1255.0,176,1,2454,2025-06-13
2025-06-13 11:18:43.075671,1250.0,3,1250.0,889,1255.0,176,2,2454,2025-06-13
2025-06-13 11:18:44.068763,1255.0,1,1250.0,889,1255.0,175,1,2454,2025-06-13
2025-06-13 11:18:45.326497,1255.0,1,1250.0,889,1255.0,174,1,2454,2025-06-13
2025-06-13 11:18:45.711070,1250.0,1,1250.0,888,1255.0,175,2,2454,2025-06-13
2025-06-13 11:18:48.567760,1250.0,1,1250.0,887,1255.0,175,2,2454,2025-06-13
2025-06-13 11:19:12.304835,1255.0,5,1250.0,900,1255.0,170,1,2454,2025-06-13
2025-06-13 11:19:12.428150,1255.0,1,1250.0,900,1255.0,167,1,2454,2025-06-13
2025-06-13 11:19:12.517723,1250.0,1,1250.0,899,1255.0,167,2,2454,2025-06-13
2025-06-13 11:19:13.119733,1255.0,4,1250.0,900,1255.0,163,1,2454,2025-06-13
2025-06-13 11:19:13.531177,1250.0,1,1250.0,906,1255.0,163,2,2454,2025-06-13
2025-06-13 11:19:16.362130,1255.0,1,1250.0,904,1255.0,162,1,2454,2025-06-13
2025-06-13 11:19:18.539002,1255.0,2,1250.0,904,1255.0,160,1,2454,2025-06-13
2025-06-13 11:19:18.907045,1255.0,1,1250.0,903,1255.0,159,1,2454,2025-06-13
2025-06-13 11:19:21.074937,1255.0,70,1250.0,903,1255.0,81,1,2454,2025-06-13
2025-06-13 11:19:21.110414,1255.0,9,1250.0,904,1255.0,72,1,2454,2025-06-13
2025-06-13 11:19:21.110763,1255.0,1,1250.0,904,1255.0,71,1,2454,2025-06-13
2025-06-13 11:19:21.110970,1255.0,9,1250.0,903,1255.0,62,1,2454,2025-06-13
2025-06-13 11:19:21.111235,1255.0,1,1250.0,903,1255.0,61,1,2454,2025-06-13
2025-06-13 11:19:21.111259,1255.0,61,1250.0,903,1260.0,369,1,2454,2025-06-13
2025-06-13 11:19:21.234486,1255.0,5,1255.0,33,1260.0,363,2,2454,2025-06-13
2025-06-13 11:19:21.254010,1255.0,8,1255.0,16,1260.0,364,2,2454,2025-06-13
2025-06-13 11:19:22.329498,1260.0,9,1255.0,70,1260.0,352,1,2454,2025-06-13
2025-06-13 11:19:22.483233,1260.0,1,1255.0,70,1260.0,353,1,2454,2025-06-13
2025-06-13 11:19:37.915312,1260.0,1,1255.0,112,1260.0,347,1,2454,2025-06-13
2025-06-13 11:19:45.435273,1260.0,1,1255.0,111,1260.0,356,1,2454,2025-06-13
2025-06-13 11:19:46.697145,1260.0,1,1255.0,114,1260.0,354,1,2454,2025-06-13
2025-06-13 11:19:52.085435,1260.0,1,1255.0,123,1260.0,350,1,2454,2025-06-13
